3736 6248
58 303 113 374 ⁸⁸9
523 305 724 368 cttltntitctttt
743 303 1001 371 cudunnattitt.
1020 311 1110 374 tans
1126 314 1280 388 QUARFd.
1633 311 1688 368 unu

59 435 108 478 res
124 420 252 493 Pippinus
263 423 343 478 sattim
356 437 432 480 ruore
445 420 542 480 lteram
557 424 743 482 misericordia
756 433 854 492 motus,
870 428 976 500 Aquas
990 429 1091 487 dudum
1106 431 1253 490 Wailarlus
1268 441 1361 493 contra
1381 437 1442 509 ogis
1455 437 1578 495 ominem
1590 439 1703 500 occide.

58 514 94 568 ad
116 513 271 583 petitionem
295 517 453 585 optimatum
468 531 577 573 suoram
591 518 674 572 sitam
694 528 721 573 et
741 533 853 589 reguum
898 529 956 588 rat,
974 522 997 577 ci
1018 523 1121 578 soluere
1141 523 1269 593 deberet;
1296 535 1324 582 et
1345 529 1468 585 nomines
1491 543 1566 597 suos,
1590 531 1635 602 qtti
1661 531 1696 589 de

59 607 157 663 iterato
171 608 315 663 coracessit.
331 607 463 664 distulius
475 625 523 665 res
539 625 586 680 per
597 608 728 680 judicium
742 609 856 667 traam
906 624 990 682 regna
1014 613 1179 671 Francorum
1201 616 1234 672 ad
1254 619 1339 687 ipsum
1364 619 1520 676 Wailarium
1547 622 1695 692 principem

57 711 119 753 ruta
133 699 176 754 rei
189 698 546 770 mcerdnmmrbesmmm
561 701 606 773 noi
620 701 646 757 in
661 701 757 757 Ticino
776 712 854 770 erat,
905 701 1060 775 contingium
1081 705 1218 774 ier-crant,
1238 710 1352 766 reddere
1374 712 1495 769 deberet.
1521 713 1583 771 liae
1607 717 1696 771 narnia

58 787 88 844 td
100 797 143 846 eat
155 791 261 847 tertiam
277 801 392 863 partem,
408 791 537 862 predicta
554 793 610 865 regi
627 791 749 860 tradidit,
762 801 791 849 et
802 793 854 848 alia
908 792 1063 864 Waiiarius,
1088 812 1149 868 quae
1173 800 1315 868 praedictus
1340 818 1388 858 rex
1415 803 1577 876 perlegatur
1592 808 1695 863 etrusci

58 883 146 940 matrs
160 898 272 941 munera
285 886 388 957 majora
402 900 483 958 quam
504 895 582 943 antea
597 885 718 954 dederat,
734 885 855 957 partibus
906 887 1097 955 tutarrdauerat,
1122 893 1173 946 ltoc
1196 901 1281 948 totum
1305 891 1394 952 iacere
1417 899 1590 968 contempsit.
1612 898 1696 970 igitur

57 973 132 1042 regia
154 973 260 1045 Pioniai
282 974 366 1031 dedit.
388 975 562 1032 Sacramenta
584 976 683 1033 itcrutn
707 984 734 1032 et
747 975 855 1032 obsideo
906 978 1034 1050 Pippinas
1052 982 1209 1039 retinuitns
1230 995 1380 1042 coarctatus
1394 997 1407 1024 ⁰
1420 990 1538 1060 undique
1562 991 1697 1046 contraxit

57 1062 152 1132 donat,
168 1065 324 1136 utamplius
348 1080 484 1135 aroannam
497 1074 593 1122 contra
607 1080 697 1136 regem
712 1065 855 1136 Pippiauut
906 1071 1065 1136 exercitum,
1087 1081 1113 1128 et
1139 1075 1257 1144 partibus
1281 1077 1430 1148 Aquitania
1451 1094 1500 1150 per
1518 1095 1612 1152 pagum
1626 1080 1695 1138 'ire-

58 1156 103 1211 rel
125 1171 249 1227 proceres
269 1158 437 1215 Francorum
461 1158 571 1215 rebeliis
583 1168 611 1215 et
630 1166 776 1215 contumax
795 1172 856 1214 esse
906 1164 1043 1221 cassinum
1056 1182 1141 1236 nappe
1156 1167 1355 1224 autisioderum
1371 1170 1465 1226 urbem
1484 1176 1608 1231 necessit.
1632 1174 1696 1230 lude

56 1248 157 1305 debeat
171 1258 197 1320 ¹,
211 1259 237 1305 st
252 1250 350 1307 tributa
365 1267 425 1322 qua
440 1252 607 1323 Langobardi
621 1253 677 1323 regi
690 1250 855 1310 Francorum
906 1257 939 1310 ad
953 1256 1075 1329 lig-rem
1092 1259 1200 1314 ilus-ium
1220 1275 1281 1316 curu
1301 1261 1373 1317 amni
1387 1263 1504 1318 exercitu
1517 1264 1695 1330 Francorum,

57 1341 170 1412 alonge
185 1337 308 1413 t'ernpore
326 1342 468 1410 dederant,
483 1344 562 1401 annis
573 1343 687 1415 singulis
700 1357 749 1415 per
759 1345 857 1400 missus
906 1348 940 1403 ad
956 1348 1073 1405 ilasuaru
1092 1348 1203 1406 ‘nicam
1219 1352 1244 1407 in
1260 1367 1328 1424 pago
1348 1353 1559 1412 autisioderensi
1575 1357 1696 1429 Ligerem

57 1445 124 1486 snas
152 1431 293 1490 desolvere
318 1434 459 1492 deberent.
485 1434 634 1492 Praestent
657 1451 705 1491 rex
728 1434 856 1507 Pippinus
907 1438 1222 1512 dnaium'transmeavi13
1249 1461 1296 1513 per
1319 1460 1415 1518 pagum
1441 1447 1589 1504 [bitorinum
1613 1465 1697 1522 usque

38 1525 147 1578 *rietur
163 1524 225 1580 cant
244 1526 349 1597 magnis
365 1527 500 1583 thesauris
518 1536 546 1585 et
566 1528 659 1586 multis
682 1529 854 1597 maneribus,
907 1532 1056 1588 arvernico
1080 1534 1205 1600 accessit,
1233 1537 1370 1605 regionem
1398 1539 1469 1595 illam
1490 1555 1650 1612 pervagans,
1669 1551 1698 1597 et

58 1617 163 1686 abque
180 1616 244 1674 belli
258 1628 370 1687 ereata,
390 1622 540 1676 cumomni
557 1620 676 1678 exereitn
700 1637 750 1678 sun
772 1621 857 1678 illaeso
907 1624 1051 1680 maximam
1068 1635 1171 1698 partem
1183 1628 1336 1698 aquitania
1351 1631 1411 1702 igne
1425 1633 1697 1694 cortcremarit.Wai·

57 1710 93 1763 ad
115 1723 250 1779 propriant
272 1711 450 1783 sedentrcgai
472 1713 513 1766 sui
538 1714 668 1768 remearit
694 1713 856 1780 luculnmis,
908 1716 989 1770 iaritts
1009 1716 1135 1786 princeps
1160 1718 1312 1784 Aquitaniae
1331 1734 1378 1789 per
1397 1721 1499 1791 legatos
1521 1739 1584 1779 suos
1604 1739 1697 1795 pacem

57 1811 87 1858 et
99 1803 203 1873 quierit
215 1813 288 1859 terra
301 1819 317 1858 a
332 1803 430 1874 proeliis
449 1805 528 1861 anais
547 1805 662 1861 duobus.
871 1799 895 1862 Β
909 1808 1081 1879 supplicans,
1096 1819 1263 1867 sacramenta
1286 1811 1328 1867 rei
1354 1814 1463 1870 obsides
1489 1815 1589 1871 ibidem
1615 1816 1698 1889 694

96 1899 147 1951 an.
161 1896 415 1954 accurs-Clilill.
425 1897 854 1968 Postltacdistnllusrerbanga
905 1896 999 1967 dunat,
1022 1908 1051 1952 ut
1063 1913 1157 1956 omnes
1171 1900 1299 1970 justitias,
1313 1918 1379 1973 quas
1399 1905 1525 1973 praetatus
1546 1921 1592 1961 rea
1607 1907 1697 1979 Pippi·

58 1987 216 2055 bardorum,
226 1989 289 2046 dum
299 1991 468 2048 uenationem
479 1992 854 2061 inqnadamsiivaercrceret,
906 2005 956 2046 nus
978 2006 1026 2061 per
1040 1991 1141 2062 legatos
1153 2007 1217 2050 suos
1229 1995 1254 2052 ei
1268 1996 1451 2063 matrdaterat,
1466 1998 1492 2053 in
1508 1999 1604 2068 piacita
1619 1999 1696 2055 insti·

15 2105 18 2111 ·
58 2079 275 2151 dirluojudicio,
288 2081 322 2138 de
337 2097 406 2153 equa
420 2097 475 2154 quo
489 2080 601 2138 sedebat
613 2096 694 2154 super
711 2082 855 2152 etiamdum
907 2091 965 2138 tuto
987 2082 1075 2140 tacere
1087 2084 1208 2141 deberet.
1232 2088 1289 2143 ilex
1310 2087 1437 2158 Pippinus
1450 2104 1510 2144 cunr
1532 2092 1605 2147 omui
1620 2106 1697 2148 exer·

59 2172 186 2228 arborem
201 2172 348 2243 projectus,
361 2173 442 2229 uitam
455 2183 482 2229 et
496 2188 609 2244 teganm
622 2173 765 2229 crudeliter
775 2173 856 2243 digna
906 2175 961 2230 citu
975 2188 1025 2231 suo
1039 2174 1124 2232 illaeso
1136 2191 1260 2233 resersus
1274 2180 1362 2234 estad
1382 2180 1500 2249 propria.

59 2272 151 2319 morte
169 2263 268 2319 amisit.
287 2261 457 2335 Langobardi
479 2276 531 2319 una
550 2277 616 2345 cum
632 2276 764 2319 cerasensu
784 2278 856 2333 pras·
942 2267 993 2322 dn.
1009 2282 1114 2325 nectat.
1126 2268 1278 2325 -clliib
1298 2270 1506 2342 denintunam,
1521 2272 1546 2326 id
1559 2281 1610 2338 est,
1624 2288 1696 2327 aaran

59 2354 125 2410 dieti
150 2353 220 2427 regis
238 2353 364 2424 Pioniai,
387 2362 415 2411 et
436 2353 550 2410 oonsilio
573 2366 715 2422 procerum
730 2368 855 2422 snorum,
907 2357 1012 2415 decimo
1026 2359 1101 2431 regui
1113 2359 1207 2432 ipsius,
1218 2376 1313 2418 omnes
1323 2364 1467 2433 optimates
1482 2363 1647 2422 Francorum
1663 2367 1696 2422 ad

59 2448 230 2504 Desideriaut
242 2451 268 2503 in
281 2449 371 2504 sedem
387 2449 462 2518 regni
476 2447 630 2504 instituunt.
909 2448 980 2505 Dura
994 2451 1020 2505 ia
1035 2466 1103 2522 pago
1115 2452 1299 2524 lliguerinsett
1314 2453 1346 2509 ad
1362 2452 1463 2525 Campo
1477 2455 1575 2522 lindio,
1592 2470 1640 2526 pro
1653 2470 1699 2511 sn·

96 2540 149 2596 tls.
170 2538 288 2597 uocant.
299 2570 335 2582 -
347 2539 464 2596 clxiii.
486 2540 552 2594 ilum
567 2540 624 2597 bue
636 2551 794 2612 agerentur,
809 2557 857 2598 rea
908 2539 964 2595 lute
976 2540 1071 2610 patria
1090 2551 1118 2597 et
1128 2542 1242 2598 utilitate
1256 2544 1422 2601 Francorum
1438 2546 1587 2611 tractanda,
1604 2546 1700 2613 piacita

60 2619 193 2701 Pippiuus‘
205 2631 365 2702 legationem
381 2630 642 2704 Constantinopolim
654 2633 688 2688 ad
705 2625 876 2690 Constanti·v
910 2629 1074 2687 institutoad
1085 2646 1116 2686 se
1127 2631 1220 2689 tenire
1234 2633 1373 2704 pracepit.
1393 2633 1461 2689 lium
1477 2635 1533 2691 baec
1546 2643 1701 2706 agerentur,

61 2739 127 2777 unm
140 2721 353 2795 bimperatorem
366 2739 414 2796 pro
423 2725 548 2781 amicitie
562 2740 655 2791 caasa,
667 2734 695 2782 et
704 2727 791 2784 sainte
802 2742 859 2784 sum
909 2721 1056 2779 Waiiarius
1068 2725 1135 2780 inito
1149 2725 1241 2796 iniquo
1256 2727 1383 2795 cnttsilio,
1396 2738 1492 2784 contra
1504 2728 1642 2800 Pippinum
1657 2743 1700 2785 re·

60 2815 145 2889 693
158 2818 251 2888 patrie
265 2817 389 2882 mittens,
412 2817 535 2875 similiter
549 2826 576 2873 et
595 2817 787 2875 Constantinus
808 2819 859 2874 im-
910 2831 972 2888 gera
986 2817 1151 2874 Francorum
1166 2817 1278 2874 insidias
1289 2828 1377 2890 parat,
1387 2818 1536 2876 exercitum
1547 2802 1625 2877 suurn
1635 2835 1699 2875 cunt

61 2923 172 2984 perator
187 2911 346 2984 legationem
369 2913 478 2983 prelato
492 2912 549 2984 regi
562 2928 622 2969 cum
638 2912 730 2969 multis
742 2915 860 2970 muneri·
910 2911 1041 2971 iluiberto
1055 2909 1069 2950 l
1082 2912 1182 2968 comite
1197 2910 1319 2973 bitorino
1338 2918 1366 2968 et
1384 2911 1517 2968 blandino
1534 2912 1633 2969 comite
1650 2912 1702 2969 Ar-

61 3009 139 3062 bnse
155 3007 285 3074 mittens,
305 3016 333 3063 et
348 3006 480 3064 amicitias
494 3015 521 3062 et
535 3005 613 3063 iidem
628 3020 677 3077 per
690 3007 793 3079 icgatos
813 3022 858 3064 eo·
913 3003 1089 3074 ternico„qui
1105 3001 1207 3059 dudum
1220 3011 1283 3059 ante
1298 3018 1396 3059 annum
1411 3005 1576 3074 superiorem
1590 3003 1623 3059 ad
1635 3018 1703 3075 pres·

62 3113 123 3154 rura
135 3098 253 3156 vicissim
263 3099 371 3155 intenso
384 3099 551 3170 promittunt.
563 3099 659 3155 Nescio
668 3115 722 3170 quo
734 3099 858 3168 iaciente,
912 3096 1012 3154 dictum
1026 3112 1117 3169 regent
1130 3094 1273 3168 Pippinum
1287 3109 1348 3151 cum
1362 3095 1534 3152 llerteiianno
1553 3093 1561 3132 ¹
1575 3094 1703 3165 episcopo

62 3202 158 3263 postea
174 3191 311 3261 amicitia,
334 3208 415 3264 quarn
431 3192 500 3248 inter
512 3207 542 3247 se
562 3199 655 3247 mutuo
671 3192 858 3263 promiserant,
874 3190 898 3254 (2
914 3187 1038 3245 llitorlcus
1048 3187 1166 3244 ciuitatis
1181 3187 1280 3243 missus
1296 3184 1395 3256 iuerat,
1415 3195 1443 3242 et
1453 3188 1572 3242 animum
1585 3188 1657 3258 regis
1668 3186 1702 3241 ad

63 3285 216 3341 nallatenus
229 3285 324 3340 sortita
335 3294 378 3340 est
391 3281 528 3341 edectrtm.
744 3332 747 3337 .
913 3279 1077 3338 iracundiam
1093 3279 1205 3335 nimium
1219 3286 1404 3349 prouocasset,
1416 3292 1478 3332 cum
1494 3278 1605 3348 reliquis
1619 3279 1704 3334 conti·

99 3374 170 3429 Atta.
186 3389 408 3432 metatu-acuas.
420 3372 583 3430 -ctttttlt
598 3373 648 3430 iiis
663 3374 753 3443 itaque
766 3375 859 3447 gestis,
914 3373 986 3428 tibus
1007 3372 1077 3429 clara
1103 3371 1237 3429 bostiiiter
1260 3384 1347 3441 usque
1366 3369 1535 3426 cavilianum
1548 3372 1573 3438 t,
1595 3385 1703 3426 omnem

63 3474 93 3521 et
107 3464 214 3523 dnobus
229 3466 308 3521 nanis
322 3481 384 3521 cum
399 3474 470 3522 terra
484 3474 620 3522 cessasset
634 3482 649 3521 a
664 3466 781 3535 praeliis.¹
790 3481 860 3538 prae-
912 3465 1058 3521 exereitum
1070 3478 1148 3520 suunt
1163 3460 1322 3530 transmisit,
1336 3469 1366 3517 et
1376 3470 1457 3518 tntatu
1467 3462 1603 3532 regionem
1619 3461 1704 3527 illam,

61 3556 155 3613 dictus
166 3573 212 3615 ret
226 3555 356 3629 Pippinus
367 3557 529 3628 legationem
540 3556 572 3612 ad
583 3555 739 3612 Wadarium
752 3553 766 3594 ‘¹
780 3557 861 3627 duni·
913 3553 939 3610 id
954 3563 997 3610 est
1009 3553 1284 3626 augustidunensium
1306 3568 1390 3624 uentre
1404 3552 1438 3608 ad
1455 3551 1622 3609 Cauillonntu
1645 3555 1705 3623 igne

64 3649 185 3705 tunicum
212 3648 359 3718 principem
383 3647 502 3715 mittens,
524 3657 618 3718 petens
644 3648 667 3703 ei
691 3662 738 3718 per
760 3647 860 3718 legatus
912 3648 1053 3714 cremauit,
1080 3655 1108 3702 et
1131 3646 1283 3701 suburbana
1309 3643 1442 3700 Cariiioui
1464 3644 1550 3710 urbis,
1574 3644 1704 3714 quidquid

61 3755 144 3806 auos,
169 3748 200 3795 nt
218 3756 262 3797 res
281 3740 457 3798 ecclesiarum
476 3741 511 3797 de
530 3755 614 3813 regno
630 3740 725 3810 ipsius,
751 3756 810 3810 utrm
834 3739 859 3794 iu
912 3739 1013 3809 ibidem
1028 3735 1208 3808 reperierunt,
1221 3737 1310 3792 omnia
1326 3746 1508 3793 vastaverunt.
1522 3735 1704 3793 ileleiacom¹¹

62 3831 210 3901 Aquitania
224 3833 283 3888 alta
303 3840 392 3896 erant,
408 3830 545 3897 redderet,
564 3839 592 3886 et
610 3830 660 3886 sub
683 3830 861 3885 immunitatis
913 3830 1003 3884 uillam
1025 3830 1157 3899 publicam
1173 3829 1298 3887 incendio
1312 3839 1513 3898 cremaverunt,
1536 3845 1596 3885 cum
1611 3829 1703 3885 multis

64 3927 188 3994 nomiae,
199 3925 269 3983 sicut
278 3925 313 3980 ab
325 3935 404 4006 autea
420 3923 538 3992 inerant,
551 3935 724 3980 conservatas
739 3938 802 3979 esse
812 3923 864 3977 de·>
912 3922 1004 3993 spoliis
1026 3931 1054 3977 et
1074 3921 1163 3990 pracda
1192 3921 1267 3976 nullo
1288 3921 1432 3977 resistente
1457 3929 1650 3976 retncarerunt
1671 3922 1704 3974 ad

63 4001 173 4085 bereum
197 4026 226 4078 et
247 4016 352 4088 iudices
370 4032 403 4073 ac
423 4029 566 4073 exactores
584 4015 611 4070 lu
632 4014 798 4085 supradictas
818 4029 862 4069 rcs
913 4018 1030 4086 propria.
1051 4014 1117 4069 Cum
1141 4013 1192 4069 buc
1213 4013 1326 4083 Pippino
1346 4017 1403 4084 regi
1428 4016 1577 4069 nuntiatum
1598 4014 1703 4079 lubeat,

62 4110 253 4177 eccieainum,
268 4110 338 4183 quod
357 4126 373 4166 a
390 4111 471 4182 longo
486 4120 608 4180 ternpore
622 4109 721 4163 iactum
736 4121 789 4162 non
807 4106 862 4161 lue·
912 4107 984 4178 quud
999 4105 1145 4162 Wuiiarius
1159 4107 1304 4162 marianam
1326 4115 1429 4176 partem
1451 4107 1526 4177 regni
1541 4107 1581 4162 sui
1598 4114 1701 4161 susus·

63 4213 118 4271 rat,
134 4203 241 4259 mittere
255 4218 309 4258 nan
330 4202 452 4266 deberet,
469 4210 496 4276 et
516 4201 631 4258 Gottbos
646 4201 774 4271 praedicta
792 4200 861 4272 regi,
913 4211 966 4267 set,
982 4208 1010 4255 et
1023 4209 1189 4255 sacramenta
1203 4215 1263 4269 nure
1271 4199 1297 4254 ei
1305 4198 1418 4255 dederat
1429 4198 1576 4266 lcieilisset,
1593 4199 1704 4254 niruium

103 4322 117 4353 ¹
139 4314 208 4370 ima.
222 4324 249 4372 et
262 4313 341 4381 cun,
354 4331 409 4371 erse
423 4331 477 4370 noa
491 4315 614 4370 debeat...
629 4314 664 4370 ad
677 4329 796 4386 repent...
809 4315 862 4370 dir·
913 4313 961 4370 lib.
978 4327 1006 4370 tr
1021 4312 1056 4369 de
1068 4313 1107 4367 lle
1121 4312 1304 4382 diplomatica.
1316 4311 1354 4369 [ie
1367 4313 1470 4384 Campo
1484 4312 1570 4369 iiadio
1580 4311 1651 4382 ride,
1664 4313 1704 4369 itt·

63 4385 174 4441 wlserc.
641 4380 647 4392 '
871 4438 874 4445 ,
914 4386 967 4448 ira,
978 4393 1055 4440 rrntas
1067 4382 1173 4452 adcap.
1188 4384 1250 4438 150.

65 4526 73 4539 .
100 4458 115 4496 l
138 4456 164 4539 is
187 4465 249 4512 erat
266 4454 459 4511 Constantinus
490 4456 692 4528 copronymus,
718 4468 857 4513 sacrarum
951 4452 1065 4510 icam
1083 4469 1180 4524 marg,
1198 4453 1353 4536 daimberto,
1372 4467 1420 4509 sen
1433 4450 1605 4536 chuniberto,
1616 4462 1646 4509 nt
1661 4454 1704 4509 ia-

65 4541 214 4651 Ιωίσῖῗιῗοῗ
225 4526 431 4678 religamen,
446 4612 506 4667 ntra
521 4596 652 4667 Pippians
668 4595 784 4666 aceepit.
801 4605 860 4652 erat
877 4524 1034 4652 Barnea&
1052 4524 1164 4661 ixdie?
1178 4523 1373 4664 {irrogantem
1390 4522 1705 4666 'lt'iiianriirlghidcssiimmrrzoss

64 4681 211 4729 unaarum.
225 4667 295 4736 quud
310 4678 373 4722 tunc
391 4683 507 4737 primum
527 4670 552 4722 iu
568 4669 662 4723 dalilis
676 4667 764 4722 nietam
778 4667 861 4724 inisse
915 4666 1073 4721 blandinum
1089 4682 1153 4721 reto
1167 4680 1228 4722 cuna
1242 4666 1336 4732 cuer..
1353 4664 1513 4720 Blandenone
1528 4665 1674 4734 appellant.

66 4747 180 4792 narrant
195 4749 300 4790 ueteres
313 4739 424 4792 istarum
441 4747 591 4807 temporum
607 4739 756 4792 annalistae.
953 4736 961 4776 ¹
980 4737 1047 4792 ilinc
1061 4737 1173 4792 emenda
1192 4734 1352 4793 Patriarcltii
1367 4736 1540 4791 Bituriccasis
1553 4749 1704 4802 auctorem,

79 4807 250 4891 'iurasset
273 4807 352 4863 i‘relr.
384 4823 492 4878 semper
518 4808 687 4879 Woioforiur.
710 4806 861 4871 aimoinus,
914 4803 1365 4891 rruibocipsoattaobartdrarinm
1378 4821 1426 4888 seu
1443 4803 1617 4859 Landrerium
1632 4805 1705 4886 llitn3

63 4878 278 5004 (aglantina.
291 4947 353 5013 itit,
368 4957 471 5003 coaetus
484 4948 608 5015 nudique.
913 4891 1230 5009 {arcgtstge'tettmgrssczngittstitt
1239 4873 1705 5016 ῑζω15ιῖξοἭὺιῑῐὶέιῖξιιιιιῗε,1ξιθιῖἑῒιιιὴπῗ

102 5016 120 5103 ¹·
136 5019 215 5101 iiuuc
240 5017 327 5074 locum
342 5033 404 5074 esse
421 5020 562 5072 ilnssuonrn
578 5022 603 5102 in
626 5016 725 5100 nabidis
749 5016 860 5100 Peutin·
913 5035 984 5074 aaran
995 5017 1048 5100 billi
1062 5018 1096 5074 ad
1107 5019 1160 5074 82⁰
1173 5017 1275 5072 sedasse
1286 5022 1424 5073 memorat.
1463 5084 1479 5097 ..

64 5087 861 5215 instituistlntttltittaidi-litt
914 5082 1704 5230 ..idttittdittttttttdiidlt:itiitltltn

100 5241 115 5278 Ι
135 5229 220 5286 auctr.
252 5229 431 5300 lligaerueusr',
455 5229 522 5284 Can.
541 5229 699 5299 ilipuerniai
714 5230 795 5283 Ciues.
810 5242 859 5284 ot·
913 5231 1032 5286 indicare
1040 5227 1219 5298 patest,uuod
1231 5225 1703 5295 resecabilis(Cladibus-sardonici,

67 5302 145 5370 punit
160 5298 339 5364 iiipanrieuai.
359 5305 428 5354 sunt
450 5310 539 5354 atatem
555 5299 673 5366 ltipuarii
689 5298 778 5368 papuli
793 5298 860 5353 Ger·
913 5300 957 5357 laic
971 5300 1137 5370 designetur,
1152 5296 1276 5354 dubitare
1290 5312 1343 5353 noa
1354 5297 1541 5353 sinital'torum
1557 5296 1704 5354 Gitrouloo·

64 5371 167 5425 inania
190 5368 337 5438 interiore,
364 5370 449 5426 tribus
472 5370 572 5433 brasiis,
593 5369 695 5437 liitepa,
713 5369 819 5424 blaiseiia
832 5378 859 5424 et
914 5387 973 5428 rutra
988 5368 1144 5424 atrctotitas.
1159 5367 1278 5424 durrales
1291 5371 1335 5439 qui
1357 5384 1389 5439 pe
1401 5367 1646 5423 Laurcsirarucases
1659 5367 1704 5420 lta·

63 5441 138 5498 lioaa
156 5438 264 5495 inclusi.
288 5440 358 5495 iiura
384 5455 457 5505 reru,
483 5456 530 5497 seu
557 5440 647 5506 butria,
677 5438 756 5494 bodie
779 5439 859 5507 uulgo
913 5439 1159 5506 berttCobiliouua,
1173 5440 1217 5509 apd
1234 5455 1298 5495 uero
1311 5456 1325 5493 a
1338 5385 1459 5495 {oisella
1474 5439 1538 5493 editi
1552 5446 1613 5516 suat
1628 5434 1703 5490 Gabi·

65 5511 183 5578 ama,
214 5510 239 5564 itt
266 5511 365 5566 demta
390 5511 535 5570 tuttaemst
562 5512 596 5564 ad
623 5508 858 5565 fluriutnilnrarn
911 5513 1011 5575 inuam,
1026 5510 1173 5567 statuemus
1188 5508 1356 5575 corilionem,
1368 5509 1512 5565 liertiaiani
1528 5505 1702 5560 carantanam.

63 5581 177 5652 (don),
196 5580 395 5650 blarcnmagus,
417 5597 463 5636 seu
480 5583 664 5637 liarcrnlurum
681 5577 809 5634 Ubiorruu
825 5579 859 5632 ab
911 5583 982 5638 idem
1007 5581 1101 5637 suadet
1125 5580 1343 5636 Cabilrnmasiuur
1370 5589 1397 5635 ct
1425 5575 1702 5649 augustodunensium

114 5655 120 5664 '
143 5654 187 5707 uis
199 5651 344 5708 dicebatur
371 5662 398 5706 ut
414 5651 540 5707 observat
564 5648 685 5706 valarsius
711 5647 738 5704 in
763 5649 857 5703 ttulitia
910 5652 1019 5717 violaria,
1035 5668 1095 5723 epuns
1107 5650 1152 5707 ltic
1165 5651 1231 5706 satis
1244 5650 1411 5716 esuriuntur.

62 5721 126 5778 Gall
157 5737 230 5776 rustt.
255 5720 294 5776 lbi
317 5693 378 5775 edla
393 5721 510 5791 publica,
526 5736 574 5775 sorr
600 5719 726 5789 palatium
750 5719 858 5774 celebre
946 5721 1072 5792 lctus,
1088 5737 1186 5792 uturp,
1204 5719 1362 5778 diuitiarum.

61 5793 169 5852 manat
179 5793 231 5851 snb
243 5792 361 5854 emnam
375 5807 467 5865 regum
483 5802 635 5851 unatrurnta
647 5789 741 5860 stistte,
753 5788 787 5845 dc
804 5805 857 5855 apuu
