3736 6248
621 114 638 155 Ι

114 267 167 325 sib
634 259 735 318 illisit
753 259 797 317 hh
816 257 941 314 tithitis
960 252 1225 312 edhibsshhhit:
1394 252 1402 275 ⁸
1696 252 1747 310 sii

111 394 174 450 quxe
185 376 323 451 suggessit
334 375 461 434 obtinuit.
479 374 534 434 ssd
557 383 585 432 et
607 389 680 430 nunc
697 375 732 433 ad
753 375 904 445 sepulcrum
917 378 942 437 Α
956 373 1020 438 ciat,
1035 371 1187 427 nulieitcuus
1204 369 1267 426 bisc
1287 383 1347 425 sum
1366 382 1532 442 egremmus.
1554 368 1672 427 hurdiens
1691 372 1749 430 huc

114 472 186 527 heati
208 469 379 527 confessoris
402 468 484 525 mulm
510 468 641 524 miracola
664 467 772 523 Christo
797 468 906 537 auspice
957 466 1113 534 imperator,
1124 463 1214 534 dirigit
1226 476 1290 518 suos
1302 464 1330 518 in
1341 461 1451 543 ¹Gallias.
1465 462 1549 530 Quem
1561 462 1600 518 illi
1613 475 1747 532 repertum

113 564 280 619 tribuuntur.
305 560 372 616 liam
399 568 428 617 et
451 560 610 616 miserorum
635 557 720 630 948
746 557 783 613 ihi
803 567 906 614 cateruas
957 556 1113 625 suppliciter
1124 561 1248 620 exorant,
1259 561 1288 608 ιιι
1298 569 1358 608 cum
1369 555 1408 610 eis
1419 553 1451 608 ad
1463 552 1620 607 visitandam
1634 553 1747 623 puellum

112 660 285 723 conspuimur,
301 652 367 707 caci
382 651 578 716 illuminantur,
593 649 731 705 demeres
744 649 904 719 cingantur,
956 646 1068 702 Romam
1081 645 1236 718 dignaretur
1251 644 1389 701 accedere.
1406 642 1451 700 ilie
1465 659 1529 700 uero
1542 646 1747 708 contradicens.
1794 641 1799 647 '

112 746 222 801 sartimti
245 744 394 801 redduntur
414 744 568 816 paralytici,
593 740 759 814 perferentes
781 755 906 800 accessus
954 738 1218 809 etseindignumper
1232 735 1444 807 quemchristus
1458 736 1584 792 miracula
1595 737 1750 794 ostenderet

113 834 229 893 lebvinus
240 837 400 903 liberantur.
414 835 443 891 Ιιι
453 848 507 912 quo
517 835 576 892 loco
589 832 806 906 tamireqaeuter
815 843 905 892 osten·
955 843 1016 884 esse
1026 829 1185 895 rocilerans,
1197 827 1350 883 admonitus
1364 828 1483 898 episcopi
1495 829 1536 883 sui
1549 828 1674 894 consilio,
1685 842 1749 884 cum

112 931 213 986 duntur
226 929 365 997 numnis,
379 936 409 984 us
421 942 454 986 οι
468 928 565 985 summ
577 927 660 986 scribi
676 920 783 1000 tongum
794 929 841 986 ptr,
850 929 905 986 τ..
944 921 1055 994 ¹eisdem
1069 921 1160 978 missis
1174 921 1226 976 iter
1235 920 1344 990 dirigit⁰
1356 929 1384 977 et
1394 919 1428 977 ad
1438 921 1626 991 imperatorem
1638 920 1749 977 veniens

83 1043 86 1049 ·
115 1035 178 1075 men
192 1018 286 1077 rotulit
305 1019 372 1075 mihi
396 1019 437 1074 vir
450 1019 537 1076 iideiis
551 1028 666 1090 quatuor
679 1020 716 1076 ihi
738 1033 826 1078 caeos
844 1031 907 1078 ause
954 1026 1017 1069 cum
1028 1012 1131 1070 honore
1142 1011 1298 1082 suscipitur.
1313 1013 1432 1069 eudicus
1446 1020 1536 1068 autem
1550 1011 1584 1068 de
1594 1010 1750 1068 inilrmitate

112 1125 214 1181 pascos
226 1109 284 1168 dies
292 1110 375 1168 inisse
387 1111 561 1181 illuminatos,
570 1111 816 1183 etquudimmiuem
826 1127 906 1185 quem
955 1102 1064 1173 pucha,
1077 1115 1109 1159 se
1120 1102 1154 1158 ad
1169 1101 1308 1158 basilicam
1321 1102 1391 1160 beati
1405 1102 1476 1160 Petri
1491 1101 1604 1174 apostoli
1618 1101 1724 1159 coniers
1739 1117 1748 1157 ε

103 1199 240 1262 'claudunt
250 1205 314 1262 oiim
329 1215 449 1272 noverat,
462 1205 624 1263 incolumem
633 1221 721 1278 nuper
733 1205 845 1278 aspexit.
955 1185 1056 1263 ibiq'ne,
1071 1194 1226 1250 continuato
1235 1208 1295 1249 cum
1307 1194 1438 1264 vigiliiset
1451 1193 1749 1251 orationibus'triduano

397 1338 513 1396 CAPUT
532 1337 612 1395 Lm·
955 1375 1021 1432 iesu
1031 1374 1144 1442 Christi,
1155 1382 1184 1430 ci
1197 1376 1284 1431 crvrcis
1297 1375 1433 1437 vexilium,
1446 1375 1610 1431 immundum
1626 1374 1748 1445 spiritum

195 1449 234 1507 ⁰⁶
248 1453 365 1524 “illm
376 1451 449 1509 3⁰¹5
468 1453 584 1526 ‘illim
605 1453 676 1510 “iffi
697 1453 821 1527 θιῐιθθιι·
955 1480 971 1521 a
986 1480 1100 1537 corpore
1115 1465 1210 1535 puellae
1225 1466 1346 1536 depellit.
1362 1467 1417 1536 Qua
1432 1479 1535 1530 sanata,
1551 1466 1601 1522 tria
1615 1467 1640 1522 ei
1654 1475 1749 1523 cenis·

152 1562 220 1618 Dum
233 1563 349 1634 quadam
362 1564 421 1620 qiqg
435 1564 469 1620 gd
482 1578 625 1621 murgum
639 1562 787 1633 gupndicti
798 1563 907 1634 pontifi.
956 1558 1031 1613 naria
1043 1557 1103 1615 auri
1124 1559 1271 1628 impertior
1284 1557 1363 1614 oiseii
1379 1575 1386 1611 :
1402 1559 1449 1614 sed
1465 1559 1510 1614 isse
1524 1560 1565 1615 Vll·
1577 1558 1679 1614 bilibris
1692 1559 1750 1630 Spi-

111 1653 153 1707 cis
174 1653 368 1720 ambulassem,
383 1663 413 1709 ct
435 1654 496 1709 ioca
509 1665 602 1710 sancta
616 1652 801 1725 Lugdunensis
815 1653 906 1725 oppidi
956 1648 1024 1704 ritus
1036 1648 1152 1704 caducas
1165 1647 1271 1704 diuitias
1289 1663 1337 1717 pro
1356 1648 1440 1705 nihilo
1458 1650 1578 1717 respuit,
1592 1650 1703 1707 dicens:
1719 1649 1749 1706 Si

112 1745 271 1810 circuirem,
287 1744 328 1800 sir
350 1744 396 1801 ille
409 1747 455 1816 qui
475 1758 525 1801 nos
540 1744 719 1816 precedebat,
734 1744 767 1800 ad
784 1751 905 1818 cryptam
919 1739 1066 1804 Barcinis
1081 1740 1237 1797 muneribus
1250 1740 1411 1811 locupletare
1430 1741 1585 1807 desideras,
1601 1741 1664 1799 illud
1677 1740 1750 1813 qnod

113 1833 185 1887 herti
202 1832 271 1888 ilelii
286 1841 300 1871 ⁸
316 1832 410 1888 invitat
420 1833 453 1886 ad
468 1834 629 1899 orationem,
640 1833 744 1900 dicens,
759 1834 819 1905 quia
830 1848 906 1903 ritag·
958 1837 1060 1885 cuncte
1075 1830 1305 1900 prolicietcivitati
1317 1831 1423 1904 iargire.
1435 1831 1584 1897 Tribntum,
1594 1832 1642 1900 ait,
1653 1832 1680 1888 in
1696 1827 1751 1888 te'r·

112 1936 163 1976 nris
178 1921 305 1977 sacerdos
318 1922 344 1985 in
359 1921 410 1977 hoc
424 1923 483 1978 ioco
497 1922 611 1992 quiescis
621 1922 774 1996 (incili).
786 1923 907 1995 Cumque
959 1920 1076 1979 tioclrca
1090 1936 1181 1979 muros
1196 1924 1319 1979 milliario
1333 1925 1438 1994 populis
1455 1926 1537 1989 cede,
1555 1925 1606 1981 hoc
1630 1925 1750 1997 utrisque

111 2011 236 2067 oratione
250 2010 320 2066 lacta
335 2010 427 2068 suurn
450 2012 581 2068 tumulum
595 2013 756 2080 admirarer,
768 2021 797 2070 ei
811 2014 907 2070 tacitus
957 2011 1097 2070 animabus
1110 2012 1218 2069 salubre
1237 2012 1397 2071 beneilcium
1412 2017 1474 2071 erit.
1488 2018 1587 2072 hurum
1598 2031 1663 2072 vero
1674 2026 1749 2073 ιιιιιιιι

112 2102 146 2158 de
158 2104 261 2158 meritis
272 2102 331 2172 eius
345 2102 444 2173 ailquid
458 2103 624 2171 interrogare
636 2104 794 2173 cogitarem,
805 2105 907 2173 aspicio
958 2102 1138 2158 necessarium
1154 2118 1206 2157 non
1221 2102 1317 2170 haheo,
1329 2103 1491 2176 pauperihus
1500 2105 1563 2160 iliud
1577 2121 1625 2176 pro
1635 2116 1679 2161 tua
1692 2114 1751 2162 tuo·

111 2194 140 2248 iu
154 2192 225 2248 ostio
239 2206 301 2248 csse
322 2193 451 2262 scriptum
466 2192 581 2262 qualiter
604 2191 720 2263 sepulcri
733 2193 846 2250 violator
859 2207 905 2249 ca·
957 2206 1069 2263 rumque
1094 2192 1219 2249 ielicitute
1241 2193 1376 2265 dispensa.
1396 2194 1473 2264 Quod
1486 2193 1532 2252 iilo
1546 2211 1598 2251 nou
1612 2196 1750 2261 abnuens,

114 2283 199 2338 darer
220 2282 343 2354 spoliarit
365 2283 500 2341 exanime.
516 2282 655 2354 inquirens
668 2297 733 2339 vero
747 2298 869 2352 cansam,
882 2285 906 2340 si
956 2299 1050 2340 aurum
1071 2285 1231 2355 pauperibus
1254 2296 1361 2357 erogat,
1376 2296 1404 2343 et
1419 2282 1546 2343 tributum
1563 2287 1675 2358 petitum
1688 2287 1746 2344 ciri

57 2359 67 2377 '
113 2374 170 2430 haec
183 2391 246 2430 nera
260 2384 357 2431 esseut
369 2390 429 2447 que
453 2375 480 2431 iu
494 2376 564 2430 ostio
575 2375 648 2445 picto
661 2374 849 2443 cernebantur,
864 2363 907 2433 vir
958 2377 1513 2450 taticoucedit.lindeusquebodieeirca
1527 2379 1750 2436 murosurbisil·

111 2464 178 2520 turibi
195 2464 257 2521 talia
273 2467 365 2520 retulit
381 2481 389 2519 :
406 2466 521 2521 sanetus
544 2466 635 2521 liellm
650 2475 770 2536 tempore
790 2482 906 2537 pagano-
957 2467 1008 2523 lius
1021 2470 1047 2523 in
1062 2469 1141 2525 tertio
1161 2467 1286 2526 milliario
1301 2469 1398 2526 tributa
1420 2486 1473 2526 nun
1493 2471 1640 2527 redduntm
1658 2470 1686 2527 in
1701 2486 1750 2541 pu·

112 2557 173 2615 rum
189 2557 218 2613 in
229 2557 279 2614 hac
294 2558 361 2614 urhe
375 2557 425 2612 luit
434 2560 587 2628 episcopus,
603 2557 646 2628 qui
660 2557 802 2615 defunctus
815 2559 906 2632 sepul·
956 2557 1037 2613 blico.
1055 2557 1117 2613 l’ost
1129 2558 1277 2614 discessum
1288 2575 1353 2616 sero
1364 2560 1433 2616 beati
1445 2560 1637 2628 archidiaconi,
1649 2560 1687 2617 ait
1699 2564 1750 2618 im·

113 2660 159 2705 tas
183 2658 226 2704 est
250 2664 265 2703 a
289 2649 424 2706 huieiibns.
439 2649 523 2706 itone
535 2659 626 2705 autem
649 2651 771 2722 sequenti
792 2652 905 2708 verricus
956 2653 1066 2716 perator
1080 2645 1137 2703 suis
1152 2663 1160 2698 :
1174 2646 1202 2702 st
1218 2646 1280 2712 iste.
1295 2646 1392 2719 iuquit,
1409 2648 1493 2705 Deum
1508 2649 1647 2721 plusquam
1668 2649 1750 2723 pecu*-

110 2742 221 2814 quidam
237 2757 363 2814 paganus,
380 2741 496 2812 lapidem
515 2743 561 2813 qui
583 2742 778 2813 sarcophagum
799 2743 907 2815 tegebat
957 2737 1027 2793 sulam
1042 2735 1138 2807 diligit,
1150 2735 1231 2808 digne
1243 2737 1357 2796 ecclesia
1369 2738 1424 2805 iila,
1438 2741 1480 2795 cui
1494 2742 1554 2797 talis
1567 2742 1690 2799 minister
1700 2744 1749 2799 uis·

111 2831 238 2901 reuotdt,
249 2842 424 2905 erectumque
437 2845 531 2890 contra
543 2846 682 2904 socorpus
692 2833 783 2888 Sancti
793 2843 906 2891 conatur
955 2827 1086 2897 ιθιιῑιιῐ,
1102 2828 1202 2884 ¹¹⁰⁵lri⁸
1221 2831 1378 2887 muneribus
1400 2831 1557 2889 illustratur.
1577 2833 1660 2908 Slsss
1673 2836 1749 2893 Titne

111 2925 241 2994 spoliare.
256 2926 291 2981 Αι
305 2924 362 2993 iiie,
377 2925 497 2981 ratensis
510 2924 628 2992 lacertis,
643 2923 818 2981 constrictum
828 2925 862 2978 ad
874 2938 905 2981 se
954 2933 1063 2990 capsam
1077 2918 1111 2975 ad
1124 2930 1216 2978 sancta
1230 2922 1372 2994 Evangelia
1384 2925 1557 2994 reclsrdenda,
1570 2936 1749 3000 patenamque

110 3016 246 3073 hominem
258 3013 363 3072 iortiter
373 3015 586 3086 amplexatur,et
599 3029 683 3085 mque
697 3016 903 3086 nsane,popnlis
954 3020 982 3066 et
991 3011 1104 3068 culicem
1116 3027 1149 3068 ea
1162 3026 1227 3067 auro
1238 3027 1305 3081 puro
1314 3013 1490 3082 pretiosisque
1504 3015 1634 3085 lapidibus
1648 3032 1751 3087 praee·

111 3109 293 3177 spectantibus
308 3106 334 3174 b,
348 3119 473 3176 tanquam
487 3106 665 3176 constipatum
679 3105 756 3172 loris,
773 3095 810 3161 ita
825 3107 943 3178 virise-(1
959 3102 997 3172 pii
1011 3101 1146 3159 febrltsrl·
1166 3103 1255 3171 (ΝΜ.
1280 3102 1348 3158 ιιιῖιθ
1363 3105 1507 3171 perlectum
1522 3120 1618 3175 bitere.
1635 3124 1680 3176 ner
1700 3108 1749 3163 ho·

112 3213 172 3255 rum
190 3196 308 3254 brachiis
321 3196 467 3252 detinebat.
483 3195 564 3266 igitur
574 3194 657 3265 judex
680 3195 732 3250 ioci
745 3194 902 3252 violatorem
956 3194 1055 3250 minero
1069 3194 1198 3249 creditum
1213 3193 1250 3248 dix
1259 3193 1303 3264 igit
1321 3195 1452 3250 ecciesiae.
1468 3194 1520 3252 Sed
1534 3198 1641 3253 stantius
1653 3198 1748 3254 illeiu·

110 3289 230 3361 sepulcri
241 3288 319 3360 jubet
342 3286 479 3354 abstrahi,
497 3301 530 3342 ac
552 3287 629 3358 legali
643 3296 656 3326 τ
672 3301 758 3358 piene
773 3284 905 3344 serxhnti'a
955 3294 996 3340 ter
1009 3284 1090 3348 bipes
1102 3284 1217 3353 positus,
1228 3283 1272 3354 qui
1286 3283 1342 3339 bac
1356 3283 1510 3350 exhibebat,
1525 3287 1558 3342 ad
1569 3289 1686 3344 aurificis
1700 3307 1749 3345 ru·

111 3380 305 3446 courdeumari3
317 3379 365 3435 sed
388 3395 442 3435 non
464 3379 632 3435 taxabatura
647 3379 754 3437 Sancto.
770 3380 845 3436 Turre
864 3381 905 3436 in·
952 3377 1057 3448 jusdam
1068 3377 1177 3433 donnum
1192 3377 1315 3444 divertit;
1329 3393 1443 3449 cunique
1457 3381 1491 3434 ah
1503 3395 1537 3438 eo
1549 3384 1642 3439 artilex
1653 3388 1747 3443 scisci·
1771 3388 1774 3392 ’

111 3471 237 3541 telligeus
261 3470 425 3526 uoluntatem
440 3468 568 3535 defuncti,
585 3467 655 3525 iacta
680 3470 763 3540 judea
790 3471 824 3526 de
851 3471 904 3528 rita
956 3478 1057 3551 tacetur
1068 3467 1132 3540 quid
1146 3470 1246 3541 negotii
1257 3480 1373 3540 gereret,
1387 3487 1443 3526 rcnr
1455 3472 1627 3530 secretiusuc
1641 3477 1747 3547 sirupli·

111 3561 298 3631 promissione,
314 3559 429 3627 laxatur,
452 3570 479 3617 et
501 3560 541 3615 sic
568 3559 708 3617 incolumis
734 3561 905 3620 redditur.0
954 3563 1023 3618 citer
1048 3561 1149 3632 pandit.
1180 3561 1214 3617 Ei
1237 3560 1282 3616 ille
1308 3579 1315 3615 :
1340 3562 1384 3628 st,
1414 3563 1515 3634 iuquit,
1545 3581 1606 3620 meo
1635 3570 1748 3624 consiliu

111 3668 175 3709 vere
198 3662 320 3709 sarxctarn
336 3653 464 3708 ultionem
478 3650 576 3722 pietate
593 3652 769 3722 permistami
785 3654 915 3711 lietinuis.
955 3650 1151 3708 conniventiam
1167 3651 1322 3721 primaevis,
1338 3653 1420 3707 inulta
1434 3654 1578 3711 nobishoc
1590 3656 1656 3712 ratio
1672 3670 1749 3728 potc-

110 3746 248 3802 bomiuem
264 3754 294 3801 ιιι
315 3754 451 3817 argueret,
467 3745 516 3802 sed
531 3746 600 3801 tradi
620 3761 674 3802 non
699 3749 821 3816 permisit
840 3765 905 3822 sup-
954 3743 991 3801 rit
1014 3744 1087 3802 lucra
1110 3743 1226 3801 deicere.
1249 3743 1289 3799 tid
1312 3745 1368 3800 hec
1387 3743 1445 3814 i'lc,
1465 3746 1572 3805 diabolo
1587 3748 1747 3821 instigante,

110 3840 204 3913 piieio,
219 3839 302 3913 θῶ
316 3853 397 3911 quem
415 3839 471 3910 jam
485 3838 639 3896 reddiderat
651 3842 833 3898 emendarum.
956 3833 1094 3903 seductus,
1106 3844 1145 3902 et,
1156 3845 1186 3890 ιιι
1198 3834 1284 3892 ierttxr
1298 3837 1367 3892 inter
1378 3837 1491 3894 rusticos
1505 3853 1594 3895 sermo
1608 3843 1747 3911 vulgatus,

386 3974 509 4100 CAPUT·
519 3974 612 4100 Lm
956 4015 1027 4072 remi
1051 4015 1149 4084 saepius
1164 4015 1245 4071 animi
1260 4016 1467 4086 coniunguntur,
1483 4020 1572 4074 statim
1592 4020 1671 4090 hujm
1682 4037 1749 4078 con.

302 4084 342 4141 ⁰0
355 4085 411 4156 filla
430 4085 523 4141 ¹⁴⁶⁰h⁸⁸
540 4095 711 4159 ιιψθιιιιοιιι.
956 4104 1131 4162 siliieh‘ectus
1144 4114 1186 4162 est
1199 4114 1405 4162 concentonem.
1421 4107 1497 4162 Tunc
1510 4107 1556 4163 iile
1570 4110 1696 4181 deceptor
1708 4111 1748 4170 ie-

146 4199 370 4258 Leonislautem
379 4200 491 4255 ilomani
505 4199 906 4271 imperatorisiilismomaspi-
956 4196 1107 4254 cissimiles
1126 4196 1159 4251 de
1171 4207 1282 4266 argento
1295 4197 1408 4268 species,
1433 4207 1463 4253 ιιι
1485 4198 1551 4254 nilrii
1570 4201 1641 4256 aliud
1665 4217 1747 4272 qaam

110 4299 166 4353 ritu
176 4304 316 4354 vexaretur
336 4270 483 4358 immundo,
498 4302 526 4349 et
545 4307 593 4364 per
606 4293 664 4348 loca
686 4301 778 4348 saucia
792 4292 906 4351 decere-
956 4304 1050 4346 aurum
1066 4289 1235 4360 purissimum
1254 4297 1404 4358 pausetur,
1417 4295 1446 4346 ei
1460 4289 1498 4345 sic
1514 4304 1593 4359 opera
1609 4306 1670 4361 quar
1684 4307 1745 4348 cum

110 4397 166 4455 tur,
182 4385 291 4442 assidue
312 4386 448 4442 clamabat
469 4400 585 4456 nequam
609 4385 743 4454 spiritus:
761 4384 820 4440 Non
844 4384 906 4440 hinc
955 4381 1069 4452 gemmis
1082 4384 1186 4453 illisque
1199 4382 1288 4438 aureis
1302 4380 1406 4437 inerant
1418 4383 1586 4451 superposita
1606 4384 1748 4442 studiosis·

109 4476 244 4550 egrcdiar,
260 4476 311 4532 uisi
327 4475 531 4531 archidiaconus
549 4475 735 4547 Lugdunensis
758 4474 901 4544 advenlai;
917 4476 1025 4538 lisime
1043 4489 1104 4530 cnm
1128 4474 1212 4530 clavis
1233 4472 1328 4528 aiilxii
1346 4472 1532 4531 verumtamen
1556 4474 1667 4530 calicem
1692 4491 1747 4533 noa

109 4582 138 4628 et
151 4571 202 4627 nisi
217 4570 274 4642 ipse
295 4585 339 4626 me
354 4566 389 4626 ile
403 4569 454 4626 boc
467 4570 592 4638 saeculo,
609 4566 681 4640 quod
697 4567 837 4639 acquisivi,
852 4569 903 4640 cji·
957 4561 1124 4633 coniminult,
1140 4563 1200 4636 qnia
1214 4563 1349 4636 cataclyza
1363 4561 1372 4602 ι
1389 4565 1415 4620 io
1430 4563 1488 4636 ipso
1503 4563 1608 4621 inerant
1621 4566 1744 4624 solidata.

150 4723 264 4779 ·i.and.
288 4721 401 4780 uetur.
423 4737 450 4789 a,
466 4722 560 4778 Helice.
573 4721 664 4786 Golb..
687 4722 756 4790 iiiiir
769 4733 797 4779 et
823 4720 902 4792 inira,
957 4723 1045 4794 capite
1060 4720 1213 4793 plectendos
1225 4720 1324 4792 passim
1349 4721 1422 4794 leges
1444 4722 1537 4779 ciuiles
1562 4726 1744 4793 pronuntiant.

112 4793 216 4849 iieiiss.
232 4793 260 4848 ln
280 4795 393 4862 vulgatis
407 4795 536 4864 catalogis
552 4792 640 4847 lucum
658 4793 738 4848 habet
751 4802 815 4849 anie
833 4792 903 4850 Fau-
957 4793 1022 4849 Coxis
1045 4795 1115 4848 iures
1128 4810 1158 4847 ea
1181 4793 1216 4849 dc
1230 4806 1260 4848 rc
1275 4791 1376 4847 videsis
1389 4809 1415 4845 ιιι
1430 4793 1497 4847 Cud.
1512 4793 1708 4852 Theodosiauo.

109 4866 211 4919 stirsnnr
225 4879 305 4934 quem
320 4872 428 4918 sanctus
444 4862 593 4933 Cyprianus
616 4862 707 4917 iaudat
718 4863 745 4918 iu
758 4863 838 4934 epist.
855 4864 901 4931 bi,
989 4861 1002 4902 l
1022 4810 1093 4920 finer
1112 4864 1148 4918 ixn
1200 4871 1289 4919 utores
1301 4862 1345 4944 qui
1360 4861 1453 4916 homas
1470 4873 1630 4943 regnarunt,
1651 4865 1745 4929 nulius

109 4949 189 4990 nova
202 4935 268 4990 edit.
283 4934 330 5005 lib,
343 4947 387 4988 an.
398 4932 451 4990 atti
464 4932 575 5003 scripta,
583 4930 617 4988 ad
626 4929 791 5001 Stephanum
805 4948 901 5004 papam
954 4932 1009 4991 Leo
1023 4935 1152 5004 estappei
1181 4940 1234 4992 ius.
1248 4931 1291 4987 ho
1304 4931 1348 4987 inc
1359 4930 1501 4987 Leuiueru
1511 4932 1556 5002 qui
1571 4944 1631 5004 post
1652 4938 1745 4996 sacnh

109 5013 205 5059 etsutm
220 5004 384 5060 biarcianura
406 5002 603 5068 Ardatmsem,
618 5001 665 5073 qui
678 5015 740 5059 sese
753 5002 901 5060 ilovatisno
951 5003 1099 5062 vasediunx
1113 5002 1166 5059 Ci‘.
1194 5001 1343 5073 imperavit,
1371 5015 1405 5056 an
1423 5003 1510 5072 quivis
1529 5002 1609 5073 aiios,
1624 5003 1746 5067 divinare
1799 5019 1802 5026 ’

111 5075 303 5138 conjunxeras
319 5073 422 5130 iisiiam
443 5083 472 5130 et
486 5071 642 5129 ramirum
665 5072 788 5129 inanum
801 5074 901 5131 condat
951 5090 1006 5132 non
1019 5075 1092 5130 iicet.
1159 5101 1163 5108 ν

108 5143 237 5199 &renus
251 5144 278 5199 iu
289 5142 470 5213 chronologia
482 5141 567 5212 episc.
581 5141 808 5268 bugsdionensiuas.
987 5154 1001 5185 ι
1019 5145 1096 5201 colb
1109 5155 1141 5210 a,
1154 5139 1238 5196 scissis
1257 5139 1354 5214 diripit.
1370 5138 1443 5198 Clar-
1456 5150 1485 5200 ct
1501 5141 1578 5202 colb.
1598 5153 1665 5217 tui..
1680 5148 1746 5204 diri·

147 5212 223 5268 bhd.
247 5214 379 5284 plerique,
399 5212 615 5282 mpecmntiixts.
659 5212 723 5269 suile
742 5212 897 5270 miracuhtva
969 5216 1030 5270 ιιι.

109 5295 202 5338 narrat
222 5284 339 5351 ioannes
362 5283 485 5352 lloschsts
509 5281 580 5338 Prati
594 5282 688 5352 spirit.
710 5298 771 5352 cap.
792 5285 837 5349 78,
851 5283 897 5341 ubi
989 5284 999 5326 ι
1020 5283 1091 5340 clar.
1112 5282 1144 5346 b,
1168 5278 1328 5352 cuacdpiu.
1349 5281 1398 5337 iiic
1421 5282 1496 5341 locus
1513 5285 1552 5341 sic
1571 5288 1743 5355 exportandus

110 5355 156 5409 iur
169 5369 184 5408 a
198 5354 302 5425 virgine
317 5363 423 5409 memus
437 5367 517 5423 qnam
531 5352 694 5423 spoliaverat
704 5352 830 5410 divnitatis
843 5370 897 5412 nott
950 5365 1002 5422 est,
1015 5355 1076 5426 qais
1089 5351 1176 5425 lapilli
1190 5353 1292 5421 pretiosi
1309 5352 1419 5408 solidius
1432 5361 1483 5410 ussi
1497 5356 1587 5411 inserti
1600 5367 1681 5410 aaut.
1697 5359 1744 5415 Sic

109 5436 165 5488 est,
179 5425 243 5493 quin
258 5438 288 5480 se
302 5422 477 5485 monasticam
491 5421 573 5479 vitam
584 5422 767 5491 amplexurum
780 5437 897 5493 spopon-
950 5437 979 5482 et
988 5438 1075 5482 vestes
1089 5438 1121 5481 ex
1140 5423 1287 5494 suscipies,
1303 5437 1350 5478 seu
1366 5425 1454 5489 potius
1466 5427 1550 5480 cstuei
1559 5425 1607 5480 stis
1617 5427 1743 5484 dmeinn·

108 5495 207 5550 disses
225 5493 338 5562 lbidqm,
351 5507 412 5562 cap.
427 5493 473 5561 Π,
486 5493 556 5548 alius
578 5490 695 5574 sepulcri
715 5489 829 5548 violator
842 5509 897 5549 car·
951 5504 1006 5563 tur,
1020 5495 1047 5550 in
1065 5485 1162 5565 quibus
1174 5509 1287 5562 ιιιιιιιιιι
1306 5501 1335 5548 ca
1355 5494 1546 5564 lapidaverant
1563 5495 1675 5562 irstexti,
1697 5506 1742 5553 nnt

107 5564 361 5688 eiutemgcurrit.
376 5560 442 5620 tide
454 5571 484 5620 et
496 5563 619 5634 Gregorii
632 5559 717 5632 llagui
732 5560 833 5634 llialog.
848 5561 898 5621 lib.
951 5581 1012 5648 qua
1023 5580 1106 5636 opere
1118 5563 1230 5638 phrygio
1240 5563 1375 5623 adornata
1388 5573 1474 5621 eraut.
1488 5564 1552 5621 ilide
1563 5566 1655 5637 huxqii
1666 5566 1739 5625 illos

109 5647 141 5690 ιιι
154 5649 213 5689 ca».
266 5671 275 5688 .
952 5651 1062 5692 sartum.

151 5652 253 5760 0c¹otn
275 5719 302 5769 a,
321 5712 348 5759 ct
373 5700 446 5760 Ciar.
462 5702 491 5770 b,
506 5701 606 5775 legalis.
620 5700 742 5774 sepulcri
758 5700 900 5760 violatores

254 5797 390 5857 Ps‘ruoc.
415 5796 529 5855 inil.
948 5797 951 5802 '
1467 5796 1506 5856 28

953 1285 1076 1356 ieiunio,
1089 1295 1184 1356 quarta
1202 1285 1246 1341 die
1267 1300 1314 1354 per
1330 1285 1521 1341 invocationem
1537 1281 1642 1341 homini
1663 1289 1748 1342 nostrl
1832 1288 1846 1328 '=

954 3925 1026 3995 quod
1041 3925 1153 3980 inhianti
1170 3940 1238 3981 acro
1253 3939 1284 3982 ac
1302 3926 1536 3986 circumventionis
1550 3929 1666 3988 fallacius
1678 3933 1747 3990 inie-
1855 3932 1859 3939 ’
