3736 6248
1232 188 1241 223 l

213 277 263 353 ιιιΙ
688 286 710 345 ιι
737 282 901 342 eumuna
920 283 1074 341 cumcun
1093 264 1311 344 rnrrune'usrs
1806 291 1853 349 un

211 409 280 470 ralla
308 406 497 467 retinerentur,
520 400 672 472 compositu
709 400 818 470 placitu,
841 399 1002 471 conjunctus
1016 405 1040 465 Α
1052 400 1176 473 Cumque
1188 417 1309 469 ιαιιιιιιι,
1321 413 1350 458 ιι
1371 412 1511 459 exerceret
1523 417 1636 475 unemm
1652 419 1850 477 cumr-neret,

211 504 329 569 endinc,
344 509 417 556 muts
430 496 574 562 seditione,
584 509 645 551 earu
667 495 779 550 armatis
791 495 856 549 riris
866 493 946 548 irruit
956 508 1004 548 sa·
1054 493 1211 562 elevataque
1222 496 1296 562 virga
1308 492 1405 548 ictibus
1416 509 1457 548 cer
1463 493 1582 561 beteret,
1596 495 1645 551 ille
1658 505 1787 552 extracta
1800 497 1851 553 bsl·

211 609 259 665 uer
273 598 426 656 ennnete,
441 587 562 658 elisoque
574 585 689 656 bospitio
713 585 806 656 inquo
821 584 1004 656 dormiebant,
1054 583 1090 640 tei
1117 584 1207 656 gladie
1224 583 1363 638 dominum
1389 583 1513 639 ssueine
1533 598 1587 638 nen
1610 587 1721 642 metuit.
1750 585 1811 656 Quo
1825 589 1848 645 in

211 695 315 756 aeirem
329 697 390 738 cunr
419 679 503 735 lettre
514 687 543 733 et
570 679 628 733 lilio
641 675 788 742 interemit,
802 689 898 745 resque
911 689 1004 729 eunrru
1055 683 1157 731 terrum
1171 684 1280 755 ruente,
1294 685 1437 732 currentes
1450 676 1530 732 sunici
1551 676 1760 747 apprehensum
1775 680 1850 755 372

211 790 273 831 cunr
285 773 445 844 peceribus,
460 768 665 839 interiectisque
678 767 776 833 serris,
790 764 910 821 abdunt.
927 763 1005 832 Quod
1057 781 1166 824 serrrrm
1187 767 1334 822 crudeliter
1344 781 1457 834 cesum,
1471 773 1601 824 trunestis
1621 769 1754 826 manibus
1765 781 1794 828 et
1809 789 1850 844 ne·

212 881 262 922 nus
275 865 428 931 audientes,
440 861 616 917 vehementer
633 873 667 915 es
682 859 733 914 bac
748 857 867 924 molesti,
878 855 1005 925 adiuncto
1054 857 1144 925 dibus,
1159 858 1278 930 patibulo
1289 859 1495 916 damnsmrunt.
1509 861 1618 918 interim
1630 878 1717 919 currus
1728 864 1757 919 in
1770 864 1850 921 'lure

212 958 313 1028 indice,
327 955 456 1012 mittimus
467 953 501 1009 sd
515 951 745 1024 uenerationem,
762 950 824 1005 utin
837 948 922 1005 nostri
937 963 1006 1018 nrm·
1055 955 1144 1010 ιιίιιιιιι
1156 954 1224 1011 exiit
1236 952 1389 1011 sicharium
1400 955 1483 1010 luisse
1496 954 1665 1011 deiunctum.
1676 955 1748 1013 Cum
1764 969 1848 1014 ιιιιαιιι

210 1049 324 1106 sentium
340 1049 490 1112 uenientes,
503 1052 613 1116 accentu
636 1042 740 1099 ustione
759 1057 822 1098 cunr
844 1055 910 1113 nuce
923 1042 1004 1113 371
1056 1046 1114 1104 bec
1123 1046 1346 1104 chramnisindus
1360 1046 1681 1121 eadbert,eummunitis
1696 1052 1849 1119 parentibus

210 1139 391 1207 discederent,
408 1153 442 1195 ae
463 1135 580 1208 jurgium
596 1134 623 1190 in
644 1134 760 1204 emplius
773 1132 926 1203 pullularet·
937 1130 1004 1196 bui·
1054 1138 1196 1203 etsmieis,
1210 1138 1244 1193 sd
1259 1138 1368 1194 demum
1383 1139 1442 1209 ejus
1454 1150 1592 1210 properat.
1603 1139 1712 1208 Quibus
1723 1144 1848 1213 spnlistis,

211 1232 262 1289 bus
279 1231 458 1295 renitentibus,
470 1227 673 1298 conjunctisque
686 1222 800 1291 civibus,
815 1237 867 1293 eeu
876 1223 920 1277 siu
933 1239 940 1275 :
952 1221 1005 1278 lle·
1056 1229 1226 1299 iritemruptis
1238 1229 1374 1286 nonnullis
1391 1244 1543 1298 serrorum,
1563 1231 1787 1304 demerentes,
1801 1246 1848 1291 ιιιιι

210 1327 270 1395 lite,
283 1325 373 1390 uviri,
386 1325 413 1380 in
423 1322 572 1379 sceleribus
585 1321 734 1393 prolicere,
748 1333 782 1375 ne
793 1319 894 1374 malum
905 1319 932 1373 in
943 1316 1013 1377 lun·.
1054 1321 1170 1380 sicharii
1183 1338 1265 1394 quant
1279 1323 1456 1394 reliquerunt,
1473 1326 1518 1396 nui
1532 1326 1679 1396 perdemus
1690 1330 1774 1400 bnjns
1786 1331 1848 1388 vitta

210 1420 271 1492 glus
293 1416 466 1474 extendatur.
480 1413 649 1472 Perdidimus
671 1413 744 1469 enim
770 1410 893 1468 metetur
911 1410 1003 1466 lilius:
1055 1422 1145 1483 erunt,
1155 1413 1479 1483 incendiueuncrernarit,
1489 1415 1625 1472 abduce
1639 1433 1735 1475 seeum
1746 1437 1848 1492 neuun,

209 1509 354 1567 metuimus
369 1522 453 1574 nunc,
466 1523 502 1564 ne
511 1515 541 1564 et
553 1507 614 1563 aliis
627 1507 653 1562 in
667 1507 717 1561 bue
742 1505 891 1562 intentione
912 1517 1005 1560 ceres-
1056 1517 1264 1580 eternumque
1287 1523 1397 1565 munere
1423 1509 1523 1579 putuit.
1533 1510 1610 1566 Tune
1629 1523 1725 1583 penes
1738 1530 1754 1570 e
1765 1515 1848 1586 judice

209 1619 280 1660 ntus.
312 1601 415 1668 Estote,
429 1615 533 1671 queso,
551 1597 665 1669 pucillei,
681 1606 709 1652 et
730 1597 776 1668 qui
799 1596 898 1652 malunt
922 1593 1006 1666 gestit
1057 1600 1090 1654 sd
1103 1600 1241 1656 civitatem
1256 1597 1380 1656 deducte
1392 1614 1488 1655 causus
1503 1601 1628 1672 proprius
1639 1604 1848 1676 proloquentem

208 1702 297 1752 ιιιιιια
314 1695 448 1750 elrsrrtute
470 1701 625 1763 componat,
640 1699 670 1746 ιιι
682 1691 742 1746 sitis
764 1687 811 1744 lilii
833 1687 1004 1758 melleduni
1057 1693 1250 1763 inventumque
1262 1701 1330 1749 ests
1352 1693 1501 1763 judicibus,
1518 1703 1549 1750 ut
1563 1694 1608 1765 qui
1622 1696 1721 1753 nulens
1731 1701 1849 1770 accipere

208 1787 281 1860 digni
295 1788 354 1845 sitis
365 1801 477 1859 regumn
501 1786 558 1852 bei,
574 1785 634 1855 inse
648 1784 761 1839 buminn
784 1781 927 1849 tribuente,
942 1794 1002 1850 ner·
1019 1788 1128 1858 ssnrius
1139 1787 1364 1857 compesitiunem
1390 1787 1487 1844 dumus
1503 1788 1636 1846 incendiis
1660 1793 1783 1862 tradidit,
1797 1812 1849 1851 ure·

208 1880 308 1951 cipere.
323 1878 454 1936 sicerum
470 1878 529 1947 ipse
538 1878 576 1931 nit
590 1892 598 1933 ι
613 1876 686 1930 deaii
700 1874 815 1945 pacifici,
827 1873 950 1943 moniam
963 1872 1001 1942 br
1055 1878 1184 1935 dietatem
1195 1877 1287 1947 pretii,
1298 1878 1369 1950 quad
1383 1878 1409 1935 ei
1423 1878 1512 1936 ruent
1523 1880 1689 1952 judicatum,
1704 1885 1846 1942 auritteret.

209 1985 293 2026 eurem
307 1981 344 2026 eut
358 1984 465 2040 remum
476 1967 598 2022 coelmm
613 1965 721 2038 (flatil-
738 1981 764 2030 v.
776 1965 817 2033 9).
833 1963 904 2020 ³⁰oe
916 1963 1000 2028 iniit·
1056 1969 1090 2024 iit
1105 1970 1156 2026 buc
1170 1978 1264 2026 eontra
1275 1970 1350 2042 leges
1365 1981 1464 2037 actum,
1474 1981 1503 2027 ιιι
1516 1982 1618 2029 tanturn
1633 1975 1743 2045 candel
1755 1979 1846 2034 redde·

192 2061 256 2119 xetsi
269 2060 307 2115 ilii
321 2059 366 2129 qui
373 2073 450 2113 noxie
463 2058 597 2127 subditur,
605 2058 693 2112 urinur
704 2065 746 2112 est
756 2054 878 2121 iuculms,
889 2065 1001 2124 argenta
1055 2071 1160 2127 rentur,
1175 2063 1255 2118 ,liam
1269 2075 1335 2118 vero
1349 2062 1520 2119 „redientem
1535 2066 1747 2136 amminoni,
1758 2066 1846 2124 sjern.

209 2150 328 2208 ecelesiae
340 2150 487 2205 redimetur
503 2166 510 2200 :
526 2147 633 2203 interim
652 2149 742 2202 anima
756 2147 806 2200 riri
829 2161 883 2200 nun
899 2153 1001 2214 pereat.
1055 2152 1113 2209 rius
1126 2152 1263 2209 reddant,
1275 2152 1351 2208 'fune
1369 2152 1433 2209 duro
1451 2153 1486 2210 ab
1513 2155 1629 2213 eoelum
1656 2168 1847 2231 „gemma

209 2242 242 2297 iit
256 2242 313 2298 bec
332 2242 437 2308 dicens,
451 2241 536 2295 ubtuli
559 2250 700 2310 argentum
728 2239 868 2306 ccelesie3
880 2238 929 2294 red
941 2253 1004 2307 nara
1053 2242 1241 2313 iudicaverant
1262 2253 1375 2314 accepts
1397 2247 1544 2303 securitate
1558 2245 1765 2320 ternanensi,
1781 2252 1846 2307 daris

210 2331 488 2402 chramnisindum
499 2330 1001 2402 mertempurrislratrisqaeetpntrai
1053 2330 1105 2389 sibi
1119 2342 1210 2403 cartes
1231 2333 1347 2390 invicem
1374 2337 1564 2406 sacrementis,
1579 2347 1609 2395 ut
1629 2339 1708 2397 nullu
1733 2358 1844 2413 aunuum

209 2423 373 2494 requirebat,
388 2424 513 2495 accipere
527 2424 612 2481 noluit
627 2433 651 2478 ⁸.
665 2424 712 2479 liis
730 2422 943 2488 discedentibus,
957 2423 1000 2479 Si·
1053 2434 1174 2496 tempure
1200 2434 1294 2482 contra
1308 2426 1420 2483 alteram
1444 2443 1506 2499 pers
1530 2430 1615 2488 alters
1631 2428 1845 2492 muneremur

208 2513 315 2571 clruriuu
330 2517 382 2572 iter
393 2526 422 2572 ut
438 2516 472 2572 ud
486 2532 577 2588 regem
598 2518 749 2573 ambularet
767 2528 910 2588 precarii,
926 2526 953 2571 ιι
965 2516 1001 2574 ub
1052 2517 1092 2575 sic
1102 2517 1243 2573 altercatio
1255 2519 1400 2574 terminent
1415 2518 1489 2575 lecit.
1511 2553 1514 2559 ·

209 2605 409 2662 buel‘ietsnum
426 2606 461 2662 ad
483 2623 594 2664 uxerem
619 2608 781 2664 cernendum
808 2608 998 2676 nruictsetmr.

303 2837 309 2849 ·
363 2829 540 2902 urs-era
588 2745 893 2891 iticipibitT
922 2804 1218 2890 eternum
1249 2806 1405 2889 erent
1429 2805 1510 2896 oc
1523 2806 1665 2891 rnv1.

211 2984 235 3041 l.
259 2983 296 3038 θα
310 3001 340 3039 eu
354 2987 423 3056 quud
437 3002 483 3040 ree
495 2985 641 3042 Aurelianis
655 2991 733 3046 uenit.

210 3053 250 3110 ll.
271 3054 387 3121 Qualiter
400 3058 424 3111 ei
437 3058 548 3128 epbcnpi
563 3062 728 3127 presentati,
742 3070 767 3116 et
779 3060 892 3131 qualiter
904 3057 960 3129 ipse
969 3054 1113 3113 inretitam
1126 3069 1292 3129 pru’parnert.

211 3123 268 3183 tit.
289 3124 327 3182 θα
340 3130 501 3194 cantoribus,
516 3140 539 3183 αι
554 3139 658 3199 eruente
672 3129 819 3186 llannrtuli.

85 3222 88 3227 ·
210 3196 262 3252 it.
283 3197 352 3252 Laus
367 3197 521 3253 childeberti
533 3200 610 3269 reaia.

212 3267 246 3324 t.
268 3267 307 3323 θα
319 3268 458 3324 nieiunllus
471 3286 536 3340 quau
550 3285 609 3335 reu,
622 3271 663 3324 erl
676 3288 722 3327 nus
734 3273 767 3328 tle
776 3269 922 3342 Clrilpericu
932 3269 1053 3324 cidirnae.

211 3337 263 3395 vi.
283 3338 323 3393 θα
336 3340 368 3393 iia
382 3356 445 3409 esur
458 3341 675 3407 presentarentur.

210 3407 279 3467 vit.
300 3409 340 3464 θα
350 3407 473 3464 Pullurliu
484 3411 613 3482 episcope,
627 3412 737 3481 qualiter
752 3413 846 3468 diisset
862 3412 940 3467 dixit.

210 3477 297 3537 vili.
319 3479 359 3534 θα
371 3481 451 3552 tinnis
466 3483 584 3536 estensis.

209 3550 261 3607 it.
283 3551 322 3605 θα
334 3563 494 3605 eueramentu
524 3566 553 3604 ru
568 3551 623 3620 filiu
636 3550 775 3622 Clrilprrici
790 3553 862 3606 date.

209 3620 245 3678 X.
264 3621 304 3676 θα
317 3622 467 3690 empuriins
481 3621 496 3674 l
510 3621 626 3676 erececlti
639 3633 663 3674 et
677 3623 860 3679 Gblndmecbi.

209 3693 233 3750 X
235 3691 262 3746 i.
284 3693 322 3757 be
335 3693 447 3746 ostiariis
462 3701 486 3747 et
500 3693 605 3746 interitu
618 3691 722 3749 liuenti.

210 3761 280 3820 tiit.
301 3761 340 3816 θα
354 3760 489 3817 Tlreuduru
503 3779 517 3816 α
537 3763 631 3834 'senum
647 3772 670 3817 et
682 3764 759 3835 playa
774 3779 851 3833 seper
867 3761 1031 3818 licilianum.

209 3833 236 3889 X
238 3832 285 3888 tii
290 3873 298 3888 .
319 3832 358 3888 θα
370 3833 497 3904 leuatinne
533 3836 694 3888 celebrumni
707 3837 742 3889 ud
755 3834 944 3890 childebertum
958 3832 1066 3889 directa.

209 3903 291 3960 tiit.
311 3901 350 3957 θα
364 3904 478 3974 periculo
492 3904 518 3957 in
533 3904 648 3974 terrine.
683 3905 689 3912 '

210 3973 235 4031 X
240 3975 274 4032 V.
294 3974 508 4029 deuteromium
524 3975 640 4042 Ulfiluici
652 3976 764 4031 utueuni.

209 4043 235 4101 X
241 4043 290 4102 ti.
313 4043 377 4112 Qun
391 4046 423 4099 rle
435 4045 572 4100 uirtutibus
585 4045 666 4100 suncti
679 4044 787 4102 dlurtitti
801 4041 900 4103 retulit.

208 4114 234 4172 X
241 4112 308 4171 tii.
326 4114 364 4169 θα
376 4117 455 4186 sienis
467 4131 524 4184 qam
535 4127 718 4187 apparuerunt.
959 4153 963 4161 ,

209 4184 234 4242 X
241 4184 324 4243 itti.
346 4184 420 4253 Quor
431 4185 610 4242 Ciilrlelertrts
624 4189 651 4240 in
666 4183 772 4243 ltaliam
786 4188 880 4243 direxit
895 4186 1044 4256 mettim,
1060 4196 1083 4242 et
1094 4191 1140 4254 uel
1151 4186 1228 4241 decet
1241 4186 1277 4242 nel
1289 4190 1392 4243 currtires
1409 4198 1454 4244 eut
1467 4189 1577 4244 irrutileti
1593 4199 1672 4260 ιιιιιι,
1685 4201 1730 4245 est
1740 4192 1813 4246 ratul-
1862 4204 1865 4209 ·

210 4256 289 4313 XIX.
310 4256 349 4312 br
363 4258 466 4312 interita
483 4254 520 4310 θιι
539 4258 586 4327 ulfi
597 4257 705 4313 allatis.

208 4326 272 4384 XX.
294 4326 358 4395 Quae
369 4328 396 4383 in
410 4330 507 4411 synode
520 4277 668 4383 lienteriae
682 4340 741 4382 ectu
755 4337 824 4384 ruet.

210 4398 290 4456 XXl.
312 4399 349 4452 θα
362 4399 459 4469 pluente
471 4400 497 4452 in
511 4398 689 4464 Belsunnaea;
704 4408 727 4451 et
741 4400 773 4454 de
783 4398 902 4467 sepulcro
914 4399 1021 4454 uiulutu.

210 4469 277 4525 ΠΙ
281 4467 306 4524 1.
328 4468 367 4523 θα
381 4469 650 4540 vilcassinorum,
665 4478 689 4522 et
705 4467 868 4525 Wundelirri.

209 4537 322 4596 XXlll.
344 4536 382 4592 θα
396 4537 509 4593 diluviis.

209 4609 317 4666 XXIV.
338 4606 377 4662 θα
391 4609 481 4665 insulis
496 4610 585 4668 maris.

208 4680 301 4738 XXV.
321 4678 361 4734 θα
373 4677 459 4734 insula
473 4679 500 4732 in
512 4696 564 4752 qna
577 4681 681 4752 senariis
695 4681 827 4751 apparuit.

209 4751 261 4808 XX
269 4748 316 4805 ti.
338 4750 377 4805 θα
391 4749 516 4820 Eleralsu
529 4752 570 4816 etti
584 4751 713 4819 deussit.

208 4821 233 4876 X
235 4822 260 4878 X
265 4819 322 4878 tii
326 4858 334 4875 .
355 4823 430 4889 Qaud
443 4820 594 4877 desiderias
607 4823 643 4875 ud
655 4837 739 4892 renem
753 4823 827 4877 uliit.
948 4874 951 4881 ,

208 4892 260 4949 XX
267 4891 350 4948 iiii.
371 4894 410 4948 θα
422 4892 614 4964 Hermerriqildn
628 4903 651 4948 et
664 4893 696 4947 tle
711 4891 840 4964 iucunde,
853 4893 892 4947 uel
905 4895 936 4948 de
949 4893 1038 4966 leuatis
1051 4893 1227 4965 llisprnrurrnn
1240 4895 1307 4948 eluar
1321 4895 1356 4948 al
1369 4893 1564 4968 lt'rerleermdem
1576 4898 1674 4955 ritimis.

208 4961 316 5018 XXIX.
337 4965 413 5031 Quod
428 4961 607 5033 trienninm
621 4965 705 5030 nrisit,
719 4966 764 5034 arti
775 4961 967 5019 Cluildebertum
980 4967 1145 5036 interficeret-

209 5030 298 5087 XXX.
320 5035 395 5101 Qeud
407 5036 533 5091 euerritur
547 5035 574 5088 in
590 5035 778 5105 Septimaniam
792 5034 865 5088 ellit.

209 5099 232 5154 X
236 5101 260 5154 X
262 5102 287 5156 X
291 5101 316 5155 1.
337 5103 375 5157 θα
389 5107 565 5176 intersectione
579 5103 730 5160 Proetextati
742 5106 865 5174 episcopi.

208 5169 288 5226 XXX
291 5171 302 5225 l
307 5170 321 5226 i
325 5211 332 5227 .
352 5173 391 5229 θα
405 5176 507 5230 imerita
519 5176 653 5231 liemcule
666 5179 756 5233 neuris
770 5175 898 5233 Nectarii.

245 5305 361 5362 *tribue
378 5311 466 5377 capite
490 5317 518 5364 et
541 5309 568 5361 in
592 5308 652 5364 aliis
676 5309 757 5366 seriis
780 5308 902 5380 Gregorii
928 5308 995 5362 lueis
1049 5323 1108 5373 nes,
1119 5321 1167 5364 sen
1178 5318 1205 5364 et
1218 5308 1297 5364 amici
1318 5311 1344 5364 in
1374 5327 1458 5367 ιιιιιιιιι
1485 5317 1694 5389 currreniebnni,
1719 5318 1834 5394 injunium

207 5377 330 5445 exerrrnln
358 5379 489 5434 littltetiitit
520 5378 641 5447 russina
659 5377 859 5435 connsuetudiuis
882 5378 995 5434 iniuriei·
1049 5379 1073 5432 ri
1088 5389 1115 5433 et
1125 5381 1208 5435 urinis
1220 5383 1308 5434 ulturi.
1328 5382 1392 5438 lide
1406 5379 1550 5441 lurruulnrn
1579 5385 1695 5445 titini
1714 5392 1827 5451 llereulb

208 5453 260 5508 tiss
275 5448 390 5519 priuatus
415 5449 497 5503 uentis
518 5449 705 5516 persequendi,
720 5465 780 5518 qum
807 5448 995 5518 crineintsirn-
1047 5459 1077 5504 et
1101 5449 1221 5520 Bigrrunii
1256 5460 1342 5506 ιιοιιιι.
1367 5453 1430 5509 tine
1454 5468 1536 5524 prave
1561 5461 1751 5531 consuetude,
1775 5434 1839 5521 dicu

258 5522 381 5587 insuti
417 5535 461 5574 urn
483 5517 640 5574 auctoritate
654 5521 764 5572 uurntnu
789 5534 841 5572 nun
869 5519 994 5585 nrubibe·
1049 5518 1144 5584 Fuidu,
1168 5522 1266 5591 senius
1281 5525 1308 5576 in
1335 5523 1527 5594 capitularibus
1555 5542 1652 5601 regunt
1673 5536 1839 5603 pusunndurs

243 5601 285 5648 tur
304 5593 372 5662 suad
421 5605 528 5653 ruricus,
551 5587 675 5658 queuntis
689 5589 769 5644 certis
795 5586 892 5644 ditibus
916 5603 994 5644 euer-
1048 5594 1127 5645 vetita
1143 5591 1203 5647 luit.

207 5666 259 5718 uita
287 5675 369 5719 αιιαι.
396 5663 424 5718 Si
450 5661 538 5730 ituree
563 5658 720 5728 quiritant
748 5659 919 5722 vulneratus,
947 5669 993 5714 unt
1083 5660 1245 5717 bil'usrnudi
1261 5663 1415 5722 securitatis
1439 5665 1665 5730 turndscxstn
1689 5679 1762 5749 suad
1779 5681 1842 5739 lear-

204 5739 282 5792 uentu
303 5735 408 5791 ueeisns
431 5731 535 5798 luiiset,
551 5738 614 5786 tune
642 5729 782 5802 uroniurqui
805 5729 915 5789 illinset
934 5731 992 5787 atii·
1046 5731 1111 5790 eull.
1136 5733 1174 5790 ib.
1191 5747 1220 5804 tr,
1234 5748 1295 5804 cup.
1309 5734 1352 5792 itt.
