3736 6248
108 415 160 469 ns
473 387 478 402 '
567 415 723 474 tnsrontl
745 406 967 472 rutnconntt.
988 415 1087 470 trono
1108 415 1245 475 sexsus
1688 424 1743 479 rra

109 534 257 607 pracsertim
273 533 307 588 ab
328 533 440 589 Ursionc
455 543 482 589 et
498 534 651 591 Berlelredo
663 543 688 600 ³,
702 536 734 590 ad
750 545 899 590 extremum
914 533 937 590 Α
952 544 1120 602 sanatorem,
1139 536 1209 591 sicut
1228 538 1265 592 ait
1285 537 1413 607 propbeta
1437 546 1497 594 tuus
1514 557 1521 593 ι
1544 540 1612 594 ilisit
1631 540 1741 597 Verbum

108 627 286 682 conuentione
300 624 369 680 lacto
382 635 411 681 ut
423 626 599 693 occideretur,
609 636 811 682 commoverunt
822 640 899 681 erer-
952 639 1041 686 tuum,
1056 634 1079 677 tl
1091 629 1190 680 rnnooit
1203 643 1244 681 σοι
1260 626 1346 699 (Ριαὶ-
1357 644 1415 694 cvl.
1426 629 1572 698 20lrQu⁰t¹
1585 641 1673 688 wiell
1687 634 1740 697 ⁸5⁸·

108 716 190 770 citum
203 725 295 770 contra
307 729 379 770 eum.
393 715 469 783 Quod
482 729 595 772 cernens
611 716 787 772 Brutticlrildis
798 717 898 786 regina,
951 716 1011 782 qttia
1025 716 1082 786 ipse
1096 734 1148 772 non
1163 729 1288 788 generet,
1303 720 1362 774 andi
1384 724 1540 789 proplietam
1557 733 1629 777 tttnm
1649 727 1739 780 diceu-

108 808 255 864 condolens
277 808 363 864 tidelis
383 809 435 862 sui
448 809 627 864 insecutiones
650 810 773 879 injustas,
789 808 902 878 praecin·
953 816 1005 860 tem
1022 822 1053 861 ex
1075 823 1141 884 uoce
1162 808 1297 864 domtnica
1312 827 1318 863 :
1336 810 1462 880 Nonqnid
1476 828 1532 882 epo,
1546 815 1589 882 prii
1604 816 1668 869 elios
1691 833 1738 885 po-

111 915 179 970 gens
192 892 222 955 ss
240 900 364 965 uiriliter,
379 899 473 968 irrupit
489 899 590 954 medios
605 900 720 955 bostium
735 913 846 964 cuneos,
862 899 901 952 di·
952 912 1007 951 rere
1018 897 1095 966 [orio.
1108 899 1163 969 ipre
1176 914 1229 953 non
1243 900 1342 968 perient
1357 900 1433 971 (lsai.
1446 918 1522 970 ιιιι,
1537 905 1584 972 *lli
1598 906 1655 960 beo
1667 909 1738 960 eninr

109 991 308 1056 cens:Nolite,
324 990 420 1058 oriri,
436 990 519 1047 nolite
534 991 633 1047 malum
647 991 806 1056 boclacere,
821 989 902 1063 27ss
952 985 986 1039 de
1001 987 1108 1055 bubulo.
1127 988 1170 1057 ulti
1185 988 1211 1042 iu
1225 1003 1286 1043 cum
1307 1005 1354 1058 per
1369 989 1446 1046 iidem
1461 995 1621 1058 renascitur.
1635 995 1680 1050 nit.
1699 998 1738 1049 bil

109 1083 194 1137 nolite
207 1082 331 1153 persequi
353 1082 539 1148 innocentem
556 1083 639 1137 nolite
654 1097 702 1151 pro
717 1097 770 1137 unp
794 1082 901 1137 nornine
954 1075 1010 1130 baec
1030 1077 1138 1132 ludaeos
1162 1080 1300 1147 respondit
1314 1097 1321 1134 ι
1336 1079 1459 1149 Nunquid
1484 1085 1554 1139 Deus
1577 1085 1658 1138 ltonto
1682 1086 1741 1140 ltcrl

109 1171 278 1225 committere
297 1169 497 1239 praeliumque
513 1171 635 1226 solatium
648 1171 764 1240 regionis
777 1171 901 1227 intereat.
954 1166 1053 1234 potuit,
1064 1180 1107 1222 aut
1119 1167 1153 1222 de
1164 1169 1274 1224 muliere
1284 1170 1373 1235 nasci,
1385 1172 1539 1228 verberibus
1549 1175 1642 1239 subdi,
1655 1188 1741 1231 morte

111 1262 175 1316 llaee
189 1262 233 1316 illa
249 1262 385 1330 loquente,
401 1262 537 1330 respondit
551 1262 647 1318 llrsio:
664 1261 769 1318 Recede
783 1277 797 1316 a
812 1261 899 1327 nobis,
954 1257 1095 1313 damnarit
1108 1259 1147 1315 lid
1163 1262 1219 1316 lttec
1239 1275 1302 1331 rege
1317 1274 1433 1329 tacente,
1452 1265 1478 1318 in
1502 1266 1684 1322 luediulusme
1700 1272 1741 1320 in·

111 1352 256 1408 omulier.
277 1351 398 1407 Strideiat
420 1352 468 1406 tibi
491 1351 541 1405 sub
564 1353 622 1407 viro
644 1351 761 1406 tenuisse
781 1366 902 1419 regnum.
954 1363 1049 1418 gerens
1063 1348 1119 1403 dixi
1132 1367 1139 1403 ι
1154 1349 1189 1407 11ι
1212 1350 1280 1407 tiens
1305 1344 1351 1408 bet
1375 1352 1460 1408 Filius
1479 1353 1558 1409 bomo
1582 1355 1671 1422 llerot,
1688 1371 1740 1416 noo

111 1444 188 1500 Nunc
202 1455 290 1499 autem
307 1443 377 1498 lilios
392 1452 453 1498 tuus
468 1454 574 1513 regnat,
597 1457 761 1514 regnumque
772 1441 830 1513 ejus
849 1457 903 1496 non
954 1453 1027 1506 susc,
1050 1441 1098 1496 sed
1121 1450 1220 1496 nostre
1245 1444 1412 1499 necessitatis
1435 1446 1537 1500 exstitit
1560 1461 1652 1501 eausa.
1674 1446 1740 1503 Nam

113 1545 169 1601 tua,
192 1535 240 1590 sed
264 1545 355 1589 nostra
370 1534 481 1589 tnitionc
496 1535 625 1588 salvatur.
640 1533 680 1588 'lu
703 1548 766 1589 uero
780 1532 875 1590 recede
888 1548 904 1586 a
953 1530 1085 1597 captivent
1103 1540 1211 1596 peceato
1226 1531 1376 1597 lromincm,
1389 1541 1416 1586 et
1429 1533 1529 1588 diaboli
1544 1536 1665 1592 servituti
1679 1537 1743 1594 snb·

112 1626 202 1689 nobis,
219 1641 253 1681 ne
267 1635 293 1681 le
313 1626 419 1697 unguite
437 1639 565 1695 equorum
582 1634 734 1679 nostrorum
749 1638 809 1679 cum
834 1633 905 1678 terra
953 1619 1052 1688 jectum
1073 1620 1206 1677 redimere
1226 1637 1279 1675 noo
1302 1630 1442 1692 potuerat,
1466 1625 1515 1679 nisi
1540 1627 1675 1682 bominem
1700 1643 1744 1684 as·

112 1715 277 1770 confodiant.
297 1715 359 1770 llere
371 1724 398 1768 et
412 1715 463 1769 alia
476 1730 537 1769 eum
549 1714 699 1770 diutissime
716 1714 785 1769 inter
798 1728 828 1769 sc
843 1727 905 1783 pro·
955 1713 1123 1784 sumpsisset.
1137 1714 1193 1784 Ego
1205 1729 1270 1770 vcro
1285 1730 1337 1769 non
1351 1715 1384 1770 de
1399 1717 1550 1785 Eruttgeliis
1561 1728 1589 1774 et
1603 1721 1743 1787 tposntlo,

114 1807 256 1871 tulissent,
275 1805 390 1860 obtinuit
411 1804 511 1875 reginos
534 1803 664 1859 industria
689 1819 722 1859 no
746 1812 904 1873 pugnarent.
956 1820 1015 1875 quoe
1030 1821 1083 1861 non
1097 1806 1196 1871 credis,
1217 1807 1264 1861 sed
1279 1808 1313 1862 de
1333 1809 1384 1862 tois
1405 1807 1480 1863 libris
1502 1809 1654 1864 testimonio
1675 1828 1743 1878 prae-

54 1948 58 1955 .
113 1896 215 1951 Tamen
230 1894 323 1952 abillo
337 1896 396 1951 loco
416 1894 592 1962 discedentes,
608 1895 742 1951 irruerunt
756 1895 783 1949 in
807 1896 901 1948 domos
918 1894 940 1954 lt
954 1898 1030 1962 bens,
1043 1898 1150 1967 proprio
1164 1906 1189 1953 te
1203 1912 1330 1953 ntocrone
1344 1898 1493 1953 eonlodiam
1504 1938 1512 1963 ,
1525 1901 1594 1956 siout
1606 1903 1740 1970 qttotnlurn

114 1983 182 2052 Lupi
210 1993 236 2040 et
260 1985 367 2054 direpto
379 1983 453 2039 omni
468 1983 591 2051 praesidio
602 1981 627 2051 b,
642 1983 771 2052 lingentes
785 1996 816 2037 so
838 1981 903 2055 illud
957 1986 1037 2041 llarid
1061 1986 1165 2044 Goliam
1186 1987 1283 2060 legitur
1307 1988 1463 2044 trttcidasse.
1481 1989 1560 2059 igitur
1582 1993 1653 2060 quod
1674 1995 1743 2049 [leus

115 2077 142 2129 in
156 2075 285 2152 tbesa'uto
299 2075 369 2145 regis
384 2074 541 2145 recondere,
553 2075 609 2130 suis
622 2089 682 2128 eum
696 2072 818 2127 domibus
833 2073 904 2126 intu·
955 2075 1035 2132 bomo
1047 2076 1151 2133 luturns
1164 2087 1250 2143 esset,
1262 2078 1323 2134 andi
1337 2079 1494 2148 proplietam
1510 2090 1602 2162 tnnpr:
1618 2080 1650 2136 1ιί
1665 2083 1743 2149 Dent,

114 2168 217 2233 lerunt,
233 2167 399 2223 intendentes
414 2166 487 2236 Lupo
502 2165 598 2235 otinas,
610 2177 690 2236 atque
703 2166 844 2220 dicentes:
859 2164 904 2219 lli·
955 2168 1055 2238 inqnit,
1070 2176 1093 2222 et
1108 2169 1193 2234 bomo,
1214 2169 1307 2234 etquis
1322 2170 1436 2236 cognonit
1451 2170 1530 2224 cunti
1543 2171 1575 2224 lit
1593 2173 1655 2227 alibi
1670 2173 1744 2228 :ilic

114 2268 165 2311 rus
178 2257 302 2312 uirtutem
319 2267 435 2313 nostram
450 2272 502 2311 non
516 2257 621 2312 erodet.
637 2261 671 2311 tt
684 2255 729 2311 illo
747 2269 861 2311 cernens
874 2269 905 2311 se
955 2268 991 2313 est
1011 2257 1080 2314 Deua
1100 2266 1195 2326 noeto,
1210 2271 1233 2313 et
1252 2275 1302 2313 non
1318 2260 1473 2327 reputabitur
1486 2262 1552 2316 olins
1568 2272 1744 2328 proterretur

115 2350 142 2403 iu
162 2348 328 2415 discrimine,
342 2358 424 2403 tutata
448 2348 516 2403 inira
532 2348 605 2403 urbis
628 2347 749 2424 Lugduni
771 2345 874 2402 Clatati
891 2355 903 2384 ι
954 2352 1000 2422 qtti
1017 2352 1110 2406 inorruit
1128 2323 1227 2405 omnent
1240 2352 1438 2418 rimn'scientioe,
1453 2363 1476 2406 et
1490 2333 1560 2407 dedit
1578 2353 1650 2408 t'litttn
1663 2352 1745 2410 lacot

115 2454 207 2495 muros
221 2439 333 2509 conitor
351 2454 411 2506 sos,
425 2437 711 2494 art-trontotnamnnn
728 2451 818 2507 resen
841 2449 905 2492 eon·
956 2459 1100 2512 poetro,
1112 2453 1135 2499 n
1146 2441 1229 2498 tutet
1243 2442 1335 2498 aloen
1347 2459 1404 2498 roo.
1420 2443 1537 2499 Poritos
1551 2446 1576 2499 tn
1590 2448 1663 2500 terro
1677 2448 1745 2501 otro.

115 2529 190 2600 lugit.
205 2529 229 2584 Α
249 2544 302 2599 tpuo
316 2529 428 2600 benigue
449 2539 589 2598 susceptos
608 2542 668 2582 cum
689 2542 722 2583 eo
743 2527 834 2595 latuit,
855 2544 905 2582 es·
956 2543 991 2588 ert
1005 2545 1028 2588 et
1047 2550 1105 2588 cum
1118 2533 1261 2588 bominibus
1275 2544 1436 2589 conterentur
1450 2544 1486 2590 ert
1499 2534 1624 2607 (bortel.
1638 2551 1683 2600 ιιι,
1698 2538 1744 2605 bit,

115 2629 243 2691 spectans
266 2630 295 2676 ot
314 2619 503 2678 childebertus
527 2622 560 2677 ad
584 2619 730 2690 legitimam
754 2622 907 2690 perueniret
955 2621 1000 2691 117,
1014 2624 1070 2692 38).
1086 2624 1161 2692 Quod
1175 2632 1264 2678 autem
1280 2624 1313 2680 de
1328 2623 1436 2694 Virgine
1451 2625 1580 2691 tremitur,
1594 2626 1653 2679 nttdi
1668 2625 1743 2694 sinti,

115 2723 236 2769 aetatem.
956 2715 1015 2770 liter
1028 2716 1184 2785 proplietam
1200 2725 1274 2770 tuum
1287 2715 1439 2769 dicentem:
1457 2713 1523 2768 Ecce
1539 2713 1618 2785 l'irpo
1633 2719 1659 2769 in
1674 2728 1744 2772 utero

152 2802 185 2859 V.
201 2804 286 2875 lgitur
297 2802 464 2874 chilpericus
477 2818 539 2871 rex,
554 2819 614 2860 cum
629 2804 716 2860 adbuc
729 2804 798 2874 apud
813 2819 907 2874 supra·
956 2806 1097 2873 concipiet,
1119 2815 1142 2860 et
1161 2807 1242 2877 periet
1266 2804 1365 2875 filium,
1387 2814 1411 2858 et
1435 2806 1565 2860 occulitur
1578 2824 1669 2862 nonen
1690 2811 1743 2878 rjus

115 2892 215 2949 dictam
230 2893 318 2949 villain
334 2903 495 2959 moraretur,
510 2892 698 2964 impedimenta
714 2895 815 2950 moueri
835 2909 904 2964 prce·
957 2896 1110 2954 Emmanuel
1116 2941 1124 2964 ,
1139 2898 1207 2966 qood
1221 2909 1257 2953 ert
1270 2899 1479 2966 interpretatum,
1495 2898 1635 2952 Nobiscum
1652 2900 1719 2955 Dens
1733 2899 1744 2941 l

114 2984 228 3053 cipicns,
244 2983 361 3040 Parisios
375 2985 468 3040 venire
482 2985 609 3054 disponit.
625 2988 663 3038 tld
678 3000 755 3055 quem
770 3001 830 3040 cum
849 2984 905 3055 jam
957 2987 1033 3060 (lroi.
1046 3003 1097 3055 ιιι,
1113 2987 1162 3054 11;
1179 2987 1272 3041 11ιιιι1ι.
1285 3002 1309 3053 ι,
1323 2986 1380 3057 25).
1395 2987 1470 3053 Quod
1484 2989 1639 3044 verberibus
1651 2989 1744 3052 snbtli,

115 3076 297 3131 valedicturus
321 3077 495 3143 accederem,
516 3077 623 3133 iudaeus
645 3077 773 3149 quidam,
798 3078 905 3134 Priscus
956 3081 1028 3152 quod
1048 3080 1131 3136 claris
1145 3078 1216 3149 elligi
1230 3078 1360 3149 deberet,
1382 3087 1410 3133 st
1428 3078 1488 3133 aliis
1512 3095 1617 3152 quoqne
1640 3072 1745 3151 injuriis

116 3167 239 3234 nomine,
253 3167 298 3238 qni
309 3167 333 3222 ei
347 3167 379 3221 ad
389 3170 492 3236 species
504 3168 663 3223 coemendas
676 3166 816 3224 latnlliaris
829 3177 904 3237 crat,
957 3168 1105 3238 subjacere,
1121 3171 1163 3224 rel
1184 3167 1271 3233 allici,
1292 3168 1361 3223 alius
1382 3168 1512 3237 propbeta
1534 3170 1572 3225 ait
1587 3189 1593 3224 :
1610 3170 1745 3228 Foderunt

116 3257 325 3327 aduenisculus
335 3261 444 3314 caesarie
459 3275 505 3315 rex
516 3259 613 3316 blande
623 3262 789 3330 apprehensa
806 3275 903 3327 manu,
916 3251 944 3319 G
957 3276 1047 3315 ιιιιιιιιι
1061 3276 1129 3314 meat
1142 3268 1167 3314 et
1180 3258 1257 3332 pedet
1274 3272 1362 3312 meet:
1378 3258 1517 3313 diuiserunt
1535 3258 1583 3313 tibi
1597 3261 1744 3316 vestimentu

116 3351 153 3404 eit
166 3349 201 3403 ad
224 3364 278 3414 me,
294 3351 405 3407 dicens:
424 3349 507 3416 teni,
521 3351 647 3407 sacerdos
670 3351 734 3419 bet,
750 3359 778 3406 ct
799 3352 905 3421 impons
956 3367 1012 3407 ιιιιιι
1023 3350 1108 3425 (Ptol.
1119 3367 1175 3419 art,
1187 3347 1299 3418 lidi).
1316 3347 1471 3405 Elimeam:
1485 3348 1742 3409 Dederuntinercttnt

116 3456 227 3497 manum
250 3456 330 3510 super
350 3455 422 3498 eum.
438 3441 488 3498 lllo
509 3450 598 3499 aulem
617 3443 760 3506 renitente,
776 3445 815 3499 ait
837 3459 904 3500 rer:
957 3460 1039 3499 meam
1050 3444 1084 3514 [ei
1093 3486 1101 3510 ,
1117 3453 1139 3497 et
1157 3443 1185 3497 in
1203 3441 1245 3497 titi
1259 3448 1317 3496 tneo
1330 3452 1342 3490 e
1353 3450 1502 3511 perauctum
1516 3458 1556 3498 nte
1570 3453 1644 3499 acels
1655 3443 1745 3518 (Ptol.

117 3532 233 3587 Orneus
253 3531 335 3599 dura,
351 3540 379 3587 et
399 3532 535 3602 generatio
552 3547 659 3603 semper
682 3532 831 3602 incredula,
845 3549 906 3606 quae
957 3549 1050 3601 trrttr,
1058 3532 1114 3604 22).
1125 3533 1158 3588 Ει
1167 3518 1237 3604 quod
1248 3547 1296 3602 per
1305 3531 1392 3602 ipsum
1400 3532 1487 3588 erucis
1498 3533 1643 3602 patibulum
1655 3534 1746 3592 taben-

119 3635 175 3676 uoo
188 3620 310 3691 intelligit
330 3620 375 3677 liei
390 3621 485 3676 Filium
498 3619 512 3658 i
527 3623 578 3678 sibi
594 3624 781 3692 prophetarum
795 3624 906 3680 vocibus
958 3632 1011 3680 tcta
1023 3624 1162 3691 mundum,
1172 3632 1200 3680 et
1211 3622 1307 3678 diaboli
1318 3622 1412 3677 ditioni
1426 3622 1575 3693 subjectum
1588 3626 1746 3696 restitueret

117 3714 327 3780 repromissum
340 3726 393 3767 nott
405 3712 528 3779 intelligit
542 3712 723 3768 ecclesiastica
739 3714 866 3784 mysteria
877 3715 905 3770 itt
957 3716 984 3771 in
994 3730 1078 3785 regno
1089 3730 1149 3782 suo,
1161 3713 1231 3769 idem
1243 3712 1324 3767 David
1339 3714 1419 3789 276
1429 3714 1481 3778 ait,
1496 3712 1620 3770 Donnintu
1630 3716 1743 3785 regnarit

73 3866 77 3871 ⁵
117 3804 177 3857 tois
190 3800 328 3857 sacriliciis
341 3801 463 3872 figurata.
477 3803 538 3858 llaee
550 3818 583 3858 eo
595 3804 710 3874 dicente,
724 3803 832 3860 iudaeus
846 3805 904 3872 ait;
956 3821 972 3859 o
986 3806 1055 3879 ligno
1071 3798 1394 3876 1’(Ριιιι.ιιι,111).11ιιιι
1408 3801 1477 3872 quod
1488 3815 1565 3857 srttca
1582 3819 1634 3857 non
1649 3819 1745 3874 regna-

118 3892 192 3948 uene
206 3907 260 3948 oon
273 3901 335 3964 eget
352 3892 491 3964 conjugio,
506 3909 591 3964 neque
605 3895 682 3964 prole
693 3895 803 3962 ditatur,
819 3911 905 3967 neque
959 3897 1025 3950 terit
1037 3894 1106 3962 apud
1118 3894 1234 3959 Patrem,
1243 3891 1289 3948 sed
1301 3906 1381 3959 super
1391 3890 1514 3961 populnrn
1527 3906 1605 3961 ptem
1616 3907 1630 3946 a
1642 3892 1747 3950 diaboli

118 3987 204 4040 ulluttt
219 3995 371 4041 consortem
383 3987 459 4056 regni
475 3986 573 4043 babere
587 3989 698 4056 patitur,
713 3991 757 4057 nni
774 4003 821 4057 per
832 3989 905 4061 liop-
956 3989 1084 4045 servitute
1108 3985 1285 4047 liberaverat,
1307 3983 1374 4039 rude
1395 3997 1506 4052 regnum
1528 3982 1535 4020 ¹
1557 3984 1672 4053 accepit.
1697 3984 1744 4040 lu-

117 4092 168 4131 scta
191 4081 253 4130 ait:
272 4075 371 4142 Videte,
392 4078 473 4131 ridor
491 4078 552 4148 quia
571 4091 616 4147 ego
639 4094 695 4133 eum
718 4076 856 4145 Dentinnr,
880 4087 905 4134 tt
956 4080 1030 4136 daus
1041 4077 1075 4131 ad
1091 4078 1148 4143 bue
1160 4072 1395 4141 responditzonae
1410 4072 1465 4128 Deo
1480 4071 1528 4125 luit
1543 4073 1698 4138 necessitas,
1715 4080 1744 4131 ul

117 4168 215 4238 absque
228 4166 562 4239 montanismum
582 4168 712 4235 occidtnn,
727 4177 751 4223 et
764 4184 810 4241 epo
825 4170 906 4224 uivere
956 4171 1006 4227 ista
1022 4166 1171 4238 pateretur?
1185 4164 1234 4219 Cui
1248 4178 1318 4235 cgo:
1333 4163 1390 4218 ianr
1411 4162 1467 4217 diri
1483 4162 1547 4228 tibi,
1565 4161 1632 4218 Deus
1655 4163 1749 4241 bomi-¹

118 4259 231 4331 serim:
245 4260 399 4329 peculium,
412 4269 437 4313 et
456 4274 502 4329 rgo
516 4259 611 4313 tanobo
635 4257 729 4330 (Dent.
744 4274 832 4325 xxxtt,
845 4259 904 4330 59).
957 4278 1017 4320 nem
1031 4259 1132 4316 creauit
1155 4255 1309 4322 innoxium,
1323 4254 1371 4311 sed
1393 4265 1453 4311 astu
1476 4256 1609 4322 serpentis
1629 4255 1745 4311 circum-

118 4350 160 4406 ad
177 4350 237 4406 bae
250 4364 296 4406 rex
317 4350 397 4422 275
415 4350 453 4404 ait
467 4366 476 4404 r
491 4349 561 4405 Deris
574 4350 609 4406 ab
629 4349 742 4420 spiritali
760 4361 838 4406 utero
861 4350 906 4407 Fi·
957 4362 1060 4416 ventus,
1078 4347 1268 4420 prevaricator
1291 4343 1417 4415 precepti
1439 4342 1523 4398 lectus
1536 4351 1577 4398 est
1590 4359 1597 4396 z
1612 4352 1639 4399 et
1653 4343 1713 4400 ideo
1727 4359 1744 4399 a

117 4442 185 4497 lium
199 4441 291 4512 genuit
303 4441 509 4509 sempiternom,
525 4455 578 4496 uon
593 4448 672 4497 telate
685 4441 835 4510 iuniorem,
850 4455 904 4498 nott
956 4442 1020 4498 sede
1033 4436 1149 4510 paradisi
1164 4435 1277 4505 ejectus,
1291 4432 1434 4489 mundanis
1448 4430 1584 4519 laboribus
1603 4432 1745 4502 deputatus

117 4528 255 4601 potestate
275 4529 422 4599 minorem,
435 4529 470 4586 de
485 4545 538 4600 quo
558 4530 667 4601 ipseait
679 4547 686 4585 ι
700 4529 742 4586 Es
763 4541 833 4588 cluo
846 4543 906 4588 rute
957 4542 1015 4599 est3
1037 4531 1082 4603 qui
1097 4543 1144 4601 per
1159 4535 1272 4584 mortem
1295 4523 1431 4594 littigeniti
1447 4523 1493 4580 boi
1510 4522 1608 4580 Christi
1634 4524 1688 4581 ileo
1702 4539 1746 4582 re-

116 4629 256 4698 lucilerum
279 4629 354 4698 geniti
376 4634 400 4681 te
423 4625 510 4696 (Psoi.
522 4640 584 4696 etr,
596 4627 636 4698 b).
661 4625 737 4681 none
757 4642 823 4695 crgo
845 4635 908 4683 ante
921 4614 946 4676 D
959 4625 1114 4682 conciliatus
1125 4631 1166 4676 est
1178 4619 1258 4676 Patri.
1269 4617 1378 4674 ludens
1388 4617 1475 4672 dixit:
1491 4616 1547 4672 Nou
1561 4626 1664 4685 poterat
1678 4617 1746 4704 Deus

117 4721 219 4778 meula
235 4727 342 4784 natum,
360 4718 387 4773 in
411 4717 563 4774 notissimis
583 4718 688 4774 seculis
710 4718 810 4773 inundo
833 4719 908 4776 misit
961 4716 1068 4772 mittere
1088 4711 1231 4782 propbetas
1244 4719 1290 4764 aut
1312 4709 1457 4778 apostolos.
1472 4707 1517 4777 qui
1539 4722 1600 4763 eum
1623 4708 1747 4766 adriam

154 4865 169 4893 ·
184 4851 274 4918 eolb,
290 4849 465 4920 Beruittfrido.
789 4850 794 4863 “
997 4862 1009 4901 ι
1026 4851 1053 4906 Ιιι
1066 4849 1160 4905 eodem
1175 4845 1235 4902 cod.
1249 4845 1323 4900 tlecst
1337 4855 1361 4898 et
1373 4841 1399 4895 in
1413 4843 1456 4896 riti
1468 4857 1535 4896 tneo.

153 4925 169 4964 b
189 4922 342 4977 Praesidium
354 4932 395 4977 est
410 4924 535 4988 pecunie,
550 4936 607 4992 ptum
618 4921 708 4976 auxilii
730 4937 808 4977 cansa
826 4938 906 4990 sepo·
993 4921 1008 4960 ¹⁸
1024 4922 1075 4975 llas
1090 4920 1228 4974 roenlosu
1248 4916 1345 4985 liprtoa
1364 4912 1482 4965 taltlrinis
1497 4914 1605 4992 abrasas
1625 4911 1751 4967 nntnrnlll.

115 4997 210 5057 uitur,
225 4994 265 5047 rel
279 4992 354 5046 locos
366 4998 507 5054 secretior,
522 4994 565 5046 ulti
579 4990 709 5063 ejusmodi
723 4995 832 5061 pecnnia
848 5009 906 5048 ser·
958 4992 1095 5060 cononesti
1113 4998 1189 5047 sunt,
1202 4996 1229 5040 ct
1243 4986 1350 5053 quidem
1366 4998 1419 5034 non
1434 4983 1565 5063 ltabcntur
1579 4998 1604 5034 ιιι
1622 4981 1744 5063 Vulgata.

114 5078 210 5121 ratur.
225 5063 265 5116 Ex
281 5062 312 5115 l.
332 5063 355 5116 ai
377 5065 480 5128 rborua,
496 5062 509 5133 ᾖ
523 5064 549 5126 l,
563 5065 594 5115 de
617 5065 693 5131 lepnt.
707 5061 734 5116 5.
750 5063 905 5118 Presidium
959 5064 1009 5119 Fas
1025 5073 1114 5114 totneu
1129 5055 1200 5111 LXX
1215 5054 1389 5123 interpretum
1409 5062 1565 5132 auotoritas,
1582 5061 1610 5132 ct
1625 5054 1744 5133 plerique

115 5153 173 5191 troo
191 5132 273 5187 setuel
290 5133 396 5186 Plautus
410 5144 517 5200 usurpat
534 5133 718 5200 properum».
958 5131 1059 5199 antiqui
1076 5130 1168 5183 Patres
1183 5126 1306 5204 retinent.
1320 5123 1400 5175 Certe
1415 5137 1441 5174 tn
1461 5121 1603 5176 Golltcsttts
1622 5125 1744 5178 ecclesus

157 5216 170 5243 ι
190 5203 271 5257 llodle
294 5202 448 5256 Lnudunum
470 5203 627 5271 appellatur,
644 5203 722 5270 uulgo
745 5201 832 5267 bnon,
848 5217 908 5271 qum
961 5201 1104 5269 antiquitus
1127 5204 1248 5260 receptas
1270 5193 1350 5244 ltnsse
1374 5199 1501 5276 protatur
1525 5207 1577 5245 non
1591 5195 1686 5273 ⁶solunt
1707 5206 1740 5245 er

116 5277 188 5331 urbs
202 5276 227 5326 in
243 5272 383 5339 supercilio
395 5277 494 5327 inentis
507 5272 647 5326 editissitni
661 5271 756 5340 posita,
769 5274 814 5324 diu
830 5273 908 5325 tner·
962 5273 1013 5327 ltoe
1026 5266 1146 5336 Gregorii
1159 5272 1248 5329 testu,
1262 5274 1289 5315 et
1301 5278 1331 5312 et
1350 5261 1452 5343 hymno
1464 5261 1598 5314 lortnnatt
1610 5262 1643 5341 du
1654 5269 1744 5315 sancta

176 5343 272 5397 nabilis
285 5341 347 5406 init,
360 5343 491 5396 illustrata
504 5350 546 5396 est
558 5341 701 5412 episcopali
713 5344 776 5396 sede
787 5357 803 5394 a
815 5352 909 5418 sapcto
961 5341 1059 5403 cruce,
1073 5341 1120 5393 sel
1141 5335 1220 5391 etiam
1242 5348 1273 5386 er
1296 5332 1425 5412 Psaltcrto
1439 5348 1473 5412 Ιιιι
1499 5346 1636 5400 pnrpnrets
1657 5345 1742 5384 tneor·

149 5413 254 5482 ,sermio
963 5411 1071 5474 branis,
1096 5407 1193 5461 litteris
1216 5411 1350 5471 argenteis
1372 5410 1652 5479 attretsnuetnorlto,
1672 5395 1758 5463 ortui,

152 5483 169 5523 ὅ
185 5483 214 5537 ln
229 5480 308 5538 une.
323 5481 420 5539 desunt
435 5482 501 5538 btc'
514 5482 593 5537 rerba
606 5480 653 5536 Dei
670 5479 782 5545 Filium,
798 5490 824 5534 el
839 5479 906 5536 lolia
963 5482 1025 5536 olitn
1041 5495 1089 5533 osu
1104 5478 1151 5531 luit
1164 5481 1239 5529 beato
1254 5472 1387 5527 Germano
1405 5470 1547 5552 Pirisionsi
1563 5482 1698 5547 episcopo,
1710 5479 1741 5520 ac

115 5557 198 5610 deest
211 5567 263 5606 ror
282 5555 410 5622 coniugio.
432 5552 493 5608 Bes.
511 5568 558 5624 pto
580 5552 750 5608 ecclesiastice
769 5553 903 5621 ntpsterio,
959 5552 985 5606 in
1002 5559 1092 5604 nostro
1107 5545 1268 5602 mottasterlo
1283 5543 1312 5623 s:
1326 5543 1451 5596 Grrrnant
1467 5557 1481 5592 a
1499 5542 1584 5620 l'rotts
1596 5548 1665 5590 tnter
1681 5550 1758 5604 pre·-

116 5628 204 5680 balnl
215 5624 302 5676 dirim
315 5625 443 5693 ulturus·
540 5614 548 5627 ’
959 5624 1027 5676 tiosa
1042 5616 1207 5686 antiqnitatis
1217 5613 1328 5668 cetrtelta
1341 5619 1501 5674 asseruntur,
1517 5623 1544 5662 tn
1560 5621 1613 5676 quo
1627 5608 1684 5661 ltus
1698 5618 1753 5659 ea*

154 5705 169 5732 ·
185 5693 288 5755 Casio..
300 5708 350 5744 nort
361 5701 396 5746 ert
406 5693 481 5748 olleo
956 5692 1018 5748 dem
1032 5690 1112 5744 acrba
1133 5688 1265 5755 leguntur.
1744 5688 1758 5729 t

155 5762 166 5802 ¹
189 5762 283 5825 euch..
298 5762 366 5829 qnod
389 5763 592 5837 interpretatum,
610 5763 751 5821 Νοιιιιιιιιι
770 5771 806 5819 ett
821 5760 901 5818 Dent.
998 5764 1005 5802 ¹
1025 5761 1129 5829 ttegrn,
1142 5758 1287 5812 abduceret
1302 5750 1409 5818 fidem·
1424 5760 1510 5819 regno.

113 5834 226 5904 Remu,
243 5833 368 5900 accipiet,
383 5848 430 5902 pro
441 5840 574 5911 conopia.
