3736 6248
163 367 217 427 739
567 380 570 385 ·
703 363 735 425 S.
755 363 934 427 GREGORII
953 359 1119 425 EPISGOPI
1139 360 1375 424 culrosensis

162 487 252 549 aufrit
266 487 302 547 ad
320 485 432 547 aditum
445 500 566 561 magnas
578 503 716 548 evomens
738 504 838 564 aquas,
857 485 1045 563 illumqued
1056 486 1180 560 poliente
1193 488 1356 562 corripierit.
1373 487 1461 546 Nocte
1485 490 1564 551 anim
1590 505 1784 565 consurgens,

162 593 251 651 quem
277 576 359 652 prius
378 579 519 649 tenuerat,
548 578 665 638 alveum
691 577 869 638 decurrendo
884 576 1013 651 replevit,
1057 591 1107 635 sus
1123 581 1165 634 est
1189 576 1339 636 basilicam
1358 576 1540 650 Sanctorum,
1563 579 1670 639 deinde
1685 596 1739 656 por
1755 580 1796 641 fer

161 664 376 725 admirantibus
408 665 533 738 populis,
571 668 726 726 immensae
759 668 859 741 gratiae
891 665 1015 725 Domino
1056 667 1222 743 ingrediens
1236 669 1429 742 cellulam‚ac
1453 686 1503 743 par
1515 671 1721 731 obscuritatem
1737 686 1796 733 noc

160 756 337 826 referuntur,
351 753 401 828 qui
423 755 451 812 ol
470 761 542 821 764
562 758 696 833 martyris
719 757 857 818 virtutem
876 756 1012 833 prodidit,
1055 774 1127 832 paris
1142 759 1288 829 manibus,
1305 759 1419 833 aliquos
1433 760 1574 841 deurccis
1588 760 1796 834 capitzdeinde

161 850 191 904 et
203 843 299 904 fidelis
312 841 358 904 sui
374 850 533 908 orationem
547 847 669 919 implere
681 844 880 919 dignatusest.
1055 864 1124 908 cuni
1139 850 1235 923 prada
1254 848 1384 921 cupiens,
1406 866 1455 923 per
1471 856 1558 936 totam
1583 858 1700 910 noctem
1723 851 1796 913 circa

437 985 559 1046 CAPUT
573 982 735 1044 000·
1054 936 1796 1101 illitillittil'ilmltlttttililtl

389 1098 428 1153 ⁰⁶
455 1096 625 1165 GWWM
652 1099 784 1163 mandre·
1054 1115 1170 1173 sceleris
1185 1115 1287 1186 voluit,
1309 1115 1396 1188 juxta
1410 1115 1485 1174 illud
1504 1117 1643 1176 dominici
1657 1117 1796 1181 oraculis

199 1212 402 1286 Chrysanthus
414 1223 427 1251 ¹
441 1217 560 1285 martyr,
577 1216 609 1269 ut
620 1208 742 1268 historia
761 1206 904 1281 passionis
917 1206 1012 1266 decla·
1055 1208 1132 1281 quod
1159 1209 1252 1264 Omitto
1276 1211 1325 1278 qai
1349 1211 1420 1263 mate
1434 1212 1494 1278 apa
1515 1211 1573 1265 odit
1588 1212 1684 1276 iucem,
1704 1218 1737 1269 ιιι
1750 1230 1795 1271 nor

161 1305 240 1374 fail,
266 1307 329 1378 post
359 1308 504 1377 accepturu
525 1300 657 1375 martyrii
683 1314 818 1358 coronam
837 1314 905 1358 cum
929 1297 1013 1356 Duria
1054 1297 1190 1364 sectentur
1219 1312 1300 1367 opero
1323 1295 1383 1366 ejas
1409 1299 1499 1365 (Joun.
1528 1309 1569 1361 iii,
1587 1296 1795 1371 scaccarium

162 1391 286 1467 virgine,
309 1392 402 1452 multa
417 1390 532 1469 populis
545 1391 703 1451 sanitatum
718 1390 858 1449 beneficia
872 1390 1014 1450 tribuebat
1055 1386 1291 1463 angulocellulac
1320 1387 1439 1445 totadie
1460 1389 1665 1448 nesideretur.
1686 1388 1795 1467 Sequar

161 1481 610 1557 (sn.257,ce1283‚isccaa)
635 1479 671 1537 Et
688 1478 725 1537 ob
741 1480 794 1537 boo
813 1476 899 1536 etiam
915 1482 1013 1551 crypta
1055 1484 1139 1538 nocto
1153 1478 1294 1552 quaesivit
1307 1478 1413 1537 iterum
1426 1479 1550 1550 aditum,
1569 1479 1618 1538 sed
1641 1480 1795 1553 reperirer

160 1584 249 1644 super
261 1584 310 1628 eos
324 1570 399 1629 miro
423 1584 508 1644 opere
528 1567 665 1625 fabricato
678 1574 730 1636 est,
748 1582 825 1641 quaa,
840 1565 872 1624 in
891 1578 1014 1623 arcuum
1054 1568 1120 1627 tuit.
1145 1567 1192 1627 Sic
1213 1583 1264 1642 per
1293 1568 1381 1627 trium
1409 1568 1538 1627 noctium
1552 1568 1699 1627 curricula
1714 1568 1794 1629 fecit.

160 1659 249 1721 modo
276 1660 465 1733 transvoluta,
493 1657 662 1717 firmissima
689 1656 845 1716 stabilitate
871 1653 1013 1714 subsistit.
1054 1655 1180 1714 renodie
1194 1671 1262 1715 curn
1285 1655 1346 1729 J'arn
1370 1655 1445 1714 fame
1467 1655 1654 1727 cruciaretur,
1677 1656 1795 1717 accessit

163 1731 377 1827 Denique'eum
400 1750 437 1809 ad
460 1749 523 1823 ejus
549 1748 620 1806 festa
633 1747 808 1821 populorum
822 1743 1015 1820 frequentatio
1055 1744 1161 1817 populo
1172 1744 1208 1802 ad
1220 1742 1384 1816 fenestram,
1406 1749 1435 1803 et
1455 1743 1556 1804 relicto
1573 1750 1694 1818 argento
1705 1744 1795 1807 ccufa

161 1838 362 1912 confluxisset,
390 1837 595 1913 iniquissimus
615 1836 772 1911 imperator
786 1840 915 1893 erectum
929 1833 961 1893 in
978 1831 1045 1908 il·13
1056 1849 1127 1908 opus
1142 1848 1239 1904 suum,
1255 1848 1447 1908 egressusque
1461 1838 1503 1892 est
1523 1834 1600 1892 foras
1621 1848 1691 1893 cum
1708 1848 1795 1909 magn

162 1928 221 1990 lius
233 1936 342 2005 cryptae
352 1928 475 1988 introitu
489 1927 638 2003 parietem,
654 1924 791 1985 conclusa
812 1923 1013 1996 multitudine,
1055 1922 1172 1997 cundia,
1193 1939 1247 1982 nec
1275 1923 1358 1982 latuit
1382 1922 1476 1983 scelus
1501 1922 1578 1998 quod
1591 1930 1718 1997 gesserat
1731 1938 1795 2001 popa

158 2015 248 2092 jussit
272 2017 366 2077 aedem
391 2032 479 2076 arena
503 2031 536 2074 ac
562 2014 706 2090 lapidibus
724 2014 841 2090 operiri,
864 2014 1014 2088 factusque
1054 2015 1184 2073 aderant.
1215 2013 1281 2074 Post
1308 2013 1436 2073 multum
1461 2029 1530 2073 vero
1561 2014 1709 2088 temporis,
1736 2028 1795 2091 cogi

162 2109 208 2164 est
222 2105 346 2178 desuper
361 2118 445 2163 mons
465 2116 598 2177 magum,
619 2100 706 2176 idque
727 2108 842 2175 gestum
856 2100 1014 2161 certissime
1054 2106 1109 2164 boc
1133 2105 1241 2165 factum
1260 2105 1402 2163 Damasus
1424 2105 1544 2164 antistes
1570 2112 1678 2164 sanctae
1701 2106 1781 2165 sedis

162 2191 258 2266 ipsius
282 2194 468 2253 manifestant
493 2191 598 2267 scripta
621 2191 797 2251 certaminis.
825 2189 898 2262 Qua
913 2195 1013 2265 crypta
1057 2194 1132 2263 lica,
1167 2193 1254 2266 jussit
1280 2192 1450 2267 diligentius
1477 2194 1583 2268 operiri
1607 2195 1778 2268 fenestram,

163 2284 217 2345 diu
250 2285 306 2345 sub
331 2286 386 2345 boc
410 2284 573 2344 velamento
600 2283 759 2359 permansit
788 2288 896 2357 operta,
925 2284 1017 2343 donec
1058 2282 1191 2342 versibus
1213 2281 1358 2341 decoravit
1383 2282 1524 2361 locum‘.
1543 2283 1579 2342 iit
1603 2281 1795 2345 ibibenedici·

163 2374 235 2436 urbs
246 2374 388 2448 llomana,
413 2373 521 2433 relictis
546 2372 642 2444 idolis,
660 2371 773 2431 Christo
800 2372 925 2432 Domino
946 2372 1016 2432 sub·
1057 2373 1156 2458 minus
1172 2376 1269 2429 noster
1281 2370 1365 2430 lesus
1380 2370 1521 2443 Christus,
1542 2371 1578 2430 ad
1591 2371 1709 2431 budam
1724 2386 1794 2433 nom

164 2464 290 2526 deretur.
305 2465 371 2524 lam
384 2464 554 2540 procedente
573 2468 700 2534 tempore
714 2461 791 2521 nulli
804 2470 865 2521 erat
882 2463 1016 2537 cognitus
1058 2478 1153 2538 usque
1167 2462 1198 2521 iu
1211 2462 1387 2522 hodiernum
1397 2462 1486 2523 diem.

164 2552 352 2627 locusipsius
376 2553 544 2627 sepulturas,
570 2550 670 2621 donec,
700 2548 825 2608 Domino
839 2549 909 2609 Jcsu
933 2566 1030 2611 reve.
1345 2600 1467 2661 CAPUT
1485 2598 1605 2659 mlx

163 2643 250 2716 lania
276 2644 433 2719 patefactus
456 2648 525 2702 ast:
553 2641 637 2714 cujus
653 2647 733 2714 parte
757 2639 789 2697 in
813 2656 871 2699 una
887 2641 952 2714 loci,
968 2642 1016 2700 in·
1491 2713 1496 2725 ,
1608 2643 1615 2659 ·

162 2733 298 2808 terposito
317 2734 435 2808 parieta,
451 2731 583 2806 sepulcra
602 2734 766 2805 martyrum
792 2729 968 2806 Chrysantbi
988 2737 1017 2791 et
1305 2712 1344 2766 ⁰³
1364 2714 1386 2766 P
1387 2728 1454 2768 ‘¹²1⁰'
1454 2716 1510 2766 000
1525 2715 1655 2779 mlle·

163 2824 260 2884 Dariaa
274 2828 436 2898 segregata;
452 2820 588 2896 parte'in
606 2820 664 2879 alia
679 2833 690 2860 ε
707 2825 870 2879 sanctorum
887 2820 1014 2896 reliquo-
1093 2829 1160 2887 Estf
1173 2828 1259 2887 etiam
1283 2828 1360 2888 baud
1376 2826 1476 2902 procul
1497 2826 1534 2885 ab
1548 2825 1639 2899 buius
1661 2824 1748 2885 urbis
1773 2841 1794 2887 ιι

163 2927 231 2973 rum
249 2911 389 2970 cadavera
411 2909 444 2968 in
460 2924 555 2968 unum
571 2914 640 2968 sunt
661 2912 841 2983 congregata.
863 2908 1015 2969 Verumta·
1058 2917 1253 2978 Pancratjugs
1279 2925 1398 2992 martyr,
1426 2918 1510 2976 valde
1535 2918 1566 2974 jn
1593 2915 1719 2990 perjuris
1738 2916 1794 2977 ulte

164 3016 232 3061 men
249 2998 357 3075 pariete
371 2996 423 3055 illo
438 2998 489 3071 qui
504 3002 547 3057 est
568 2996 599 3055 in
617 2995 713 3055 medio
725 2996 845 3070 positus,
860 2998 1015 3056 fenesuam
1057 3009 1119 3080 304,
1136 3008 1168 3068 12
1190 3012 1282 3079 licii).
1308 3010 1354 3068 pp
1376 3009 1462 3081 cujus
1475 3007 1641 3082 sepulcrum
1654 3005 1676 3077 ⁵,
1699 3006 1726 3065 gi
1737 3006 1794 3082 cujp

110 3128 122 3149 ·
163 3097 289 3153 structor
320 3087 701 3165 110ῑο01000110000010ῑ
729 3087 766 3146 00
794 3086 1015 3163 001000010000
1057 3115 1139 3159 mens
1163 3099 1265 3159 insana
1284 3100 1481 3174 juramentum
1510 3098 1598 3156 inane
1614 3096 1746 3171 proferre
1774 3113 1794 3157 n

161 3186 327 3243 sauctorum
343 3194 460 3254 corpora
481 3178 579 3238 aditus
590 3177 750 3253 aspiciendi
768 3185 932 3253 patesceret.
957 3179 1042 3281 lle·c
1056 3190 1139 3265 prius
1159 3206 1247 3265 quam
1263 3189 1429 3263 sepulcrum
1448 3186 1511 3262 ejus
1525 3186 1618 3256 adeat,
1643 3190 1716 3249 766
1734 3188 1788 3247 ηας

161 3278 233 3333 mill
244 3269 333 3329 eliam
348 3269 423 3344 quod
439 3284 473 3328 eo
485 3273 612 3343 tempora
633 3282 691 3344 quo
707 3267 742 3325 ad
757 3273 854 3327 sanctu
872 3269 1014 3327 solemnia
1056 3286 1172 3352 tequam
1189 3291 1279 3350 iisque
1296 3277 1330 3334 ad
1354 3274 1495 3334 cancellos
1520 3275 1572 3348 qui
1594 3277 1651 3336 sill)
1667 3294 1739 3339 arcu
1753 3274 1794 3337 ιη’

164 3360 331 3421 comedentes
344 3358 454 3419 inclusi
468 3364 547 3430 snut,
562 3372 663 3417 urceos
681 3363 832 3431 argenteos
846 3374 884 3417 cx
898 3359 1014 3420 metallo
1055 3364 1107 3424 ubi
1120 3365 1289 3425 clericorum
1305 3364 1490 3438 psallentium
1517 3372 1592 3423 stare
1618 3382 1683 3427 mos
1705 3374 1762 3439 est,
1782 3380 1794 3427 a

161 3450 300 3511 formatos
309 3465 376 3510 cum
389 3449 459 3509 rino
473 3448 551 3522 quod
564 3448 598 3506 od
620 3446 795 3506 oblationem
811 3449 945 3509 sacrificii
968 3450 1013 3510 di·
1055 3451 1152 3510 statim
1165 3459 1214 3511 aut
1227 3452 1366 3526 arripitur
1387 3468 1404 3509 a
1420 3451 1560 3522 damone,
1579 3459 1628 3512 aut
1648 3454 1794 3515 cadensis

160 3543 226 3602 sini
246 3543 364 3601 offertur
378 3554 478 3599 secum
492 3538 626 3597 homines
642 3537 823 3611 detulissent,
846 3549 1014 3615 argentum·
1055 3541 1269 3600 mentoamittit
1293 3542 1363 3615 [Bal.
1381 3541 1494 3610 emittit]
1519 3542 1664 3616 spiritum.
1690 3543 1739 3603 Ex
1764 3543 1794 3603 lit

64 3646 68 3651 ·
162 3647 222 3707 que
239 3631 282 3689 ibi
297 3628 472 3690 remansisse
497 3626 686 3686 manifestum
713 3636 766 3701 est,
787 3630 875 3703 idque
900 3631 1016 3692 bodies
1055 3634 1181 3708 quisquo
1199 3635 1286 3693 tidem
1310 3635 1514 3711 cujuscunque
1536 3638 1577 3696 rei
1593 3637 1703 3698 abalio
1718 3638 1794 3699 solta

162 3717 408 3793 conspicientibus
421 3715 510 3776 cerni.
523 3713 579 3775 Sed
593 3715 663 3790 quia
672 3717 781 3791 jugiter
794 3734 876 3778 mens
886 3719 1015 3779 bumana
1055 3741 1130 3796 cere,
1146 3731 1180 3785 ut
1195 3740 1296 3785 verum
1327 3735 1490 3800 cognoscat,
1517 3743 1576 3786 non
1589 3728 1675 3787 aliter
1694 3729 1756 3789 nisi
1769 3744 1793 3791 ar

159 3806 296 3882 turpibus
324 3805 586 3882 erubescendisque
597 3807 806 3882 cupiditatibus
819 3808 925 3881 inhiat,
943 3810 1015 3870 sub·
1055 3814 1205 3874 basilicam
1217 3815 1351 3875 destinat.
1380 3816 1453 3875 Nam
1469 3817 1566 3875 ferunt
1580 3817 1792 3909 plerosqueju

163 3895 304 3954 diaconus
328 3894 457 3972 quidam,
476 3895 547 3955 <viso
576 3911 628 3969 per
652 3897 805 3956 fenestram
821 3898 951 3972 argento,
965 3915 1014 3958 oc·
1054 3902 1357 3979 silicasapostolorum
1383 3907 1446 3966 sive
1465 3906 1591 3966 aliorum
1604 3914 1793 3985 martyrums

161 3985 235 4062 gitat
251 3984 329 4046 intra
351 4000 381 4046 se
408 3986 486 4061 quod
501 3989 614 4060 postero
635 3993 708 4052 765
731 3986 913 4048 messaritia
928 3990 942 4027 ι
957 3988 1014 4048 im·
1054 3998 1166 4065 uenus,
1183 4008 1242 4052 non
1266 3993 1339 4054 alibi
1353 4010 1405 4069 pro
1433 3995 1487 4055 bac
1509 3996 1793 4061 necessitaanisire

191 4160 248 4213 ·lu
269 4159 337 4216 clar.
362 4162 388 4215 b.
415 4160 468 4213 boc
489 4158 572 4223 caput
596 4157 676 4211 deest
697 4169 759 4210 oum
775 4156 882 4210 duobus
896 4169 1012 4225 sequen·
1054 4179 1145 4222 muro,

160 4231 245 4286 tibus.
276 4233 410 4298 Deinceps
443 4243 509 4285 sero
542 4230 572 4282 ln
603 4229 671 4281 Glar.
704 4243 719 4282 a
745 4230 878 4294 pleraque
902 4230 1010 4295 desunt,
1083 4238 1174 4292 alias.
1201 4238 1225 4298 ι,
1250 4238 1411 4294 Panaretus.
1437 4240 1512 4294 colb.
1541 4256 1565 4303 a,
1582 4244 1669 4298 semel
1694 4243 1793 4307 bled

161 4304 286 4369 quadam
314 4305 369 4357 allo
404 4303 500 4357 ordine
534 4311 615 4365 quam
643 4301 672 4353 ln
706 4300 814 4353 catoris
845 4300 957 4366 scriptis
985 4305 1012 4355 et
1052 4309 1140 4374 pirum
1172 4310 1294 4363 indiculo
1314 4310 1489 4376 Prancatiua,
1520 4326 1580 4380 quas
1598 4314 1740 4369 scribendi
1754 4312 1793 4383 laq

160 4374 245 4429 fiditis
273 4376 373 4439 posita,
410 4366 588 4425 intermixtis
605 4372 686 4423 etiam
715 4370 878 4435 quaudoque
909 4370 1012 4438 aliquot
1051 4381 1134 4433 minis
1162 4383 1281 4434 varietas
1316 4382 1344 4435 ιιι
1383 4382 1443 4436 alita
1473 4386 1610 4438 veteribus
1648 4398 1793 4441 monumen

161 4445 289 4512 capitulis
301 4458 336 4499 ex
349 4444 418 4497 irbro
435 4445 469 4495 de
484 4441 572 4494 filoria
586 4441 786 4494 confessorum.
1052 4454 1147 4504 currit,

190 4514 283 4568 *aaa
310 4519 467 4568 sauctorum
495 4511 655 4576 tibryaantbl
685 4513 712 4565 et
743 4512 835 4573 uaria,
867 4527 928 4582 quae
958 4514 1012 4568 bo·
1084 4521 1169 4575 illac
1193 4524 1221 4575 in
1250 4523 1361 4576 basilica
1393 4525 1530 4579 homiliam
1551 4527 1582 4578 ιι
1612 4528 1641 4580 ln
1661 4528 1793 4583 ioannem

160 4586 206 4640 dle
232 4584 373 4644 habentur,
402 4587 430 4636 et
460 4583 590 4637 ridentur
615 4581 660 4636 bio
700 4596 716 4634 a
741 4583 871 4649 Gregorio
896 4577 1199 4658 laudarillcregorins
1226 4593 1338 4658 iiagnns
1362 4595 1396 4648 ad
1421 4596 1507 4659 ipsius
1528 4599 1656 4664 martyris
1683 4598 1793 4653 tumber

160 4655 264 4709 uudlna
285 4658 349 4709 sunt
373 4654 510 4721 ponderis.
533 4654 562 4706 iit
586 4654 696 4720 quidem
717 4654 852 4719 sibiipsis
874 4659 1012 4712 contradi-
1053 4666 1115 4717 dem
1144 4677 1160 4717 a
1182 4665 1354 4729 presbyteri
1378 4667 1531 4730 neglectam
1557 4669 1700 4723 monacbis
1724 4668 1793 4725 attril

160 4730 229 4782 cunt
249 4726 322 4795 quod
354 4726 404 4779 bos
433 4731 570 4790 martyres
595 4725 645 4777 sub
662 4725 823 4780 Numeriano
838 4741 936 4792 passos
959 4743 1011 4782 ro·
1052 4734 1101 4787 init
1124 4734 1197 4788 idem
1219 4739 1330 4788 mucius
1349 4737 1473 4801 pontifex
1503 4739 1549 4792 lib.
1572 4752 1604 4793 ιιι
1620 4741 1700 4806 epist.
1728 4740 1793 4801 ιι.ι

158 4798 227 4859 lunt,
257 4799 284 4851 id
312 4802 354 4851 eat
380 4810 425 4850 au.
462 4797 520 4860 ιιι,
549 4808 665 4861 quorum
691 4800 780 4851 tamen
808 4801 871 4852 lota
898 4800 1010 4865 lubente
1051 4820 1112 4859 rum
1137 4805 1269 4869 abbatem,
1296 4808 1342 4872 qui
1373 4810 1400 4860 et
1424 4808 1459 4862 de
1477 4811 1574 4863 eodem
1588 4816 1683 4864 sancto
1700 4810 1784 4867 rarlla

159 4869 295 4937 stephano
324 4882 405 4934 papa,
428 4868 475 4935 qul
499 4867 566 4921 obiit
592 4880 637 4921 an.
662 4867 719 4931 ast,
746 4871 900 4934 conscripta
925 4871 1011 4926 fnisse
1051 4876 1120 4931 iocis
1150 4878 1212 4942 egit.
1243 4878 1317 4931 liano
1342 4879 1432 4943 ipsam
1466 4893 1530 4934 vero
1552 4881 1695 4935 basilicam
1720 4882 1757 4937 ab
1782 4880 1793 4937 l

68 4948 71 4955 ·
160 4940 292 4995 referunt.
324 4940 422 4994 dorum
447 4940 580 4993 memoria
603 4938 722 4993 celebris
736 4944 780 4994 est
804 4942 878 5007 apud
904 4943 1010 4996 aracos
1051 4961 1121 5015 papa
1152 4952 1330 5002 restauratam
1366 4949 1453 5004 fuisse
1490 4952 1619 5006 observat
1647 4952 1792 5009 tnastaalu

159 5012 205 5067 dia
233 5013 262 5066 ¹9
287 5012 382 5074 ifartii,
416 5013 444 5064 et
471 5011 542 5074 apud
567 5011 674 5065 latinos
699 5013 783 5064 sartis
814 5012 920 5066 diebus.
945 5015 1009 5067 lau-
1051 5020 1257 5086 inscriptionem
1284 5020 1336 5073 bac
1366 5022 1512 5076 occasione
1540 5025 1656 5090 positam
1683 5037 1721 5078 ex
1738 5032 1792 5079 nna

160 5082 258 5138 mour
281 5086 410 5136 aaanotc
436 5081 596 5136 Adbeleimo
624 5084 651 5135 in
674 5082 722 5137 lib.
751 5083 785 5135 de
802 5083 937 5139 laudibus
952 5086 1006 5139 vir·
1050 5091 1144 5145 bition.
1175 5090 1348 5156 proferemus
1373 5093 1409 5145 ad
1436 5094 1540 5148 calcem
1570 5097 1651 5161 butus
1681 5096 1792 5151 rolunli

164 5154 254 5220 ginta,
280 5156 375 5208 sancto
406 5152 528 5216 Damaso,
557 5154 657 5207 ιιιιιιιιι
681 5153 831 5218 Gelaslano,
853 5155 940 5222 floro,
955 5161 1007 5215 eta.
1051 5164 1175 5229 eiusdem
1196 5165 1283 5217 sancti
1309 5165 1434 5229 reliquiis
1462 5165 1541 5227 infra,
1562 5181 1624 5233 cap.
1643 5168 1686 5227 8³,
1707 5178 1792 5223 mont

157 5224 233 5286 tide,
247 5224 329 5287 imre,
347 5237 405 5290 sap.
422 5225 462 5276 8³.
475 5225 604 5279 coluntur
620 5225 664 5279 dle
678 5224 709 5275 25
723 5225 853 5280 Octobris.
1051 5235 1278 5295 solemniacense,
1310 5237 1383 5301 apud
1418 5236 1581 5303 lemovices,
1613 5241 1642 5293 ιιι
1668 5238 1792 5293 bonnas

189 5296 294 5358 ·1sditt,
321 5299 462 5361 sacrecata
490 5299 578 5361 parte,
606 5297 638 5348 in
668 5296 736 5358 αιιιι,
760 5302 829 5364 etc.;
848 5299 895 5363 ab,
918 5312 1008 5366 rama·
1049 5306 1188 5360 Pancratll
1212 5311 1239 5361 et
1267 5306 1383 5361 allorum
1413 5313 1571 5363 sanctorum
1604 5314 1792 5365 constructa!

154 5371 227 5433 pata.
838 5439 867 5451 Η
957 5443 963 5454 ·
1049 5378 1129 5432 docet
1157 5391 1210 5433 uos
1238 5379 1323 5444 ipsius
1348 5380 1434 5432 sancti
1466 5381 1545 5447 litigii
1574 5382 1680 5443 cbarta,
1706 5378 1792 5448 quoi

188 5439 280 5495 ‘Hau
313 5439 373 5495 fere
396 5449 501 5503 omues,
541 5436 613 5505 qaod
642 5440 736 5502 postea
761 5444 925 5494 acernae...
950 5456 1007 5497 sm·
1048 5450 1083 5503 ad
1109 5451 1214 5505 calcem
1241 5452 1297 5504 act.
1329 5455 1487 5507 sanctorum
1504 5456 1562 5508 ord.
1593 5454 1774 5517 liarredlctlutt

155 5511 249 5576 placit.
1023 5522 1026 5527 “
1049 5533 1078 5581 ιι,
1104 5533 1168 5587 pag.
1196 5521 1264 5574 1091.
1292 5523 1409 5576 literius
1437 5524 1565 5598 ecclesias
1586 5525 1680 5579 eidem
1697 5527 1727 5580 et
1748 5522 1792 5581 alit

187 5581 271 5636 ⁸ilca
297 5591 404 5644 versus,
434 5577 508 5645 quod
536 5579 613 5645 ipsos
643 5580 781 5637 Baronius
807 5584 837 5637 in
860 5583 1006 5640 numlibas
1047 5591 1155 5657 tyribua
1187 5593 1281 5646 dicate
1328 5594 1402 5661 apud
1434 5595 1565 5650 santonas
1599 5597 1731 5650 meminit
1759 5594 1792 5651 ιι

155 5665 213 5707 nou
237 5650 372 5713 retulerit,
405 5661 441 5703 ex
473 5652 611 5706 ιιιιιιιιιι
640 5652 757 5711 ftomam
783 5655 901 5712 editione
926 5656 1006 5712 dabl-
1049 5661 1264 5729 magnulfus
1291 5666 1370 5732 epist.
1400 5664 1736 5733 cassinianensis·
1750 5666 1792 5725 ιΙ

154 5734 217 5778 uisu
228 5723 258 5777 in
273 5719 424 5788 appendice
440 5721 524 5789 buius
538 5724 717 5783 volumina..
1047 5732 1246 5801 bobandianoa,
1257 5735 1301 5793 dia
1315 5736 1345 5791 ta
1354 5737 1426 5793 illati.

155 5828 175 5864 q
188 5792 199 5833 Ι
213 5792 294 5850 besa
314 5792 368 5849 boe
387 5793 468 5861 eaput
489 5795 518 5849 iu
542 5794 616 5855 colb.
643 5800 692 5853 tut.
716 5797 784 5854 (ilar.
814 5813 839 5867 a,
869 5800 904 5855 ab
917 5801 1005 5869 [injur
