3736 6248
98 326 147 388 ill
608 331 639 387 S.
660 330 997 388 cnseontteetscoet
1016 328 1232 390 TURONENSlS

97 444 191 505 1.le
198 445 226 499 V.
251 444 288 498 De
303 445 372 498 obitu
384 444 434 512 ptri
447 442 592 512 chilperici,
604 457 678 511 quern
690 441 874 496 Theodericum
886 443 993 497 uocauit.

96 514 121 571 1
123 513 148 569 Χ
150 515 173 569 Χ
183 515 212 570 ι’.
233 515 270 567 lle
285 515 390 567 interim
401 511 538 568 Mummoli
549 513 674 582 praefecti,
689 524 713 565 et
728 513 876 566 mulieribus
890 513 1039 578 interiectis.

95 582 173 642 XXX
181 585 228 636 Vl.
250 583 289 639 De
303 583 423 638 AEtlserio
437 585 567 653 episcopo,
578 593 601 635 et
613 582 646 635 de
660 581 745 636 cleriei
756 584 888 653 cujusdam
905 585 1019 639 libidine.

94 653 243 711 inivit.
267 652 304 706 lle
317 671 377 708 reeca
393 654 513 722 lupentii
523 652 620 705 abbatis
635 650 803 706 Goballitani.

92 722 172 779 XXX
178 720 261 778 Veli.
283 722 321 779 be
333 726 404 778 obitu
418 724 555 777 Theodosii
565 723 688 792 episcopi,
702 735 725 776 et
738 739 881 776 successore
894 726 959 794 ejus.
1063 728 1066 732 ’

93 791 226 850 ΧΧΧῙΧ.
249 794 286 848 be
300 795 370 848 obitu
382 794 491 864 llcndgii
502 791 647 860 Bituripum
658 794 770 863 episcopi
780 809 790 859 ,·
802 802 824 846 et
841 795 873 846 de
886 794 1003 847 incendio
1018 792 1097 857 orbis,
1113 804 1136 847 et
1150 793 1312 848 successione
1326 789 1451 862 Sulpicii.

92 861 151 918 XL.
173 865 212 918 lle
225 864 392 918 altercatione
405 877 493 917 nostra
507 878 563 916 curn
579 863 707 915 luceretico.

93 930 171 988 net.
192 935 268 998 Quod
280 934 437 1002 chilpericus
451 950 497 986 res
509 949 565 984 cum
576 932 702 986 thesauris
716 931 772 986 suis
783 933 809 985 iu
821 933 1030 987 camaracensem
1041 932 1115 986 obiit.

93 1002 187 1057 hell.
210 1003 285 1071 Quod
297 1004 474 1057 (ihildebcrtus
488 1006 514 1055 in
529 1002 632 1056 ltaliam
644 1002 716 1055 obiit.
797 1002 800 1007 '

91 1068 201 1129 Abllt.
223 1074 262 1129 lle
275 1073 471 1127 Gelliriensibus
483 1073 594 1144 sepibus.

90 1139 193 1197 llll.
216 1142 372 1198 Dediusrsis
393 1145 483 1212 signis.

90 1208 177 1268 XLV.
197 1212 236 1267 De
248 1215 343 1278 nuptiis
359 1214 495 1277 liiqrtstthoe
504 1213 566 1280 filine
580 1210 730 1281 Chilpcrici.

90 1279 193 1339 invi.
215 1284 252 1337 lle
265 1284 368 1339 irtteritu
380 1282 518 1351 chilperici
530 1283 605 1351 regis.

582 1575 822 1688 LIBER
862 1574 1196 1698 SEXTUS,

127 1806 207 1885 221
223 1809 244 1865 Ι.
260 1810 337 1865 Anno
348 1805 428 1874 igitur
440 1813 519 1861 sexto
530 1803 605 1876 regni
616 1803 657 1859 soi
670 1844 677 1869 ,
690 1801 878 1859 childebertus
892 1803 915 1858 A
930 1795 1120 1854 nobilitandam
1137 1797 1217 1871 273
1232 1799 1397 1857 Francorum
1411 1812 1518 1874 gentem
1540 1804 1601 1861 leci.
1622 1808 1718 1866 Sedet
1820 1787 1825 1799 ⁴

88 1916 157 1966 res,
180 1899 279 1968 rejecta
294 1911 361 1966 pace
374 1895 568 1952 Gontcbramni
584 1893 673 1963 regis,
689 1890 877 1960 eunuchilpe·
931 1889 1046 1960 plurima
1059 1891 1158 1957 adbuc,
1174 1893 1198 1951 si
1212 1894 1267 1947 rita
1281 1908 1372 1950 eomes
1386 1894 1478 1964 luerit,
1492 1898 1598 1952 laniem.
1612 1899 1718 1957 Aureus

92 1994 148 2051 rico
161 1988 322 2063 conjunctos
336 1998 387 2045 est.
409 1989 467 2044 Non
484 1998 545 2058 post
559 1988 669 2044 multum
682 1997 787 2053 tempos
802 1984 877 2054 cogo
930 1981 1010 2035 etiam
1027 1981 1192 2051 singularum
1209 1981 1338 2041 librarum
1350 1985 1479 2052 pondere.
1491 2003 1558 2056 noos
1573 1987 1718 2058 imperator

78 2073 200 2140 ⁴snorltor
213 2092 248 2147 ²,
264 2081 378 2146 insenius
399 2081 487 2135 lucum
503 2078 679 2134 wandelinus
707 2078 875 2146 subregulus.
933 2073 1026 2139 nsisit,
1043 2072 1183 2140 ostendit,
1199 2073 1330 2129 babentes
1345 2076 1378 2130 ab
1393 2092 1443 2129 ono
1459 2087 1533 2144 perte
1548 2081 1651 2134 iconem
1667 2084 1717 2136 int·

86 2168 274 2229 cttmmolusa
298 2184 380 2240 regnu
406 2168 599 2224 conteteramni
621 2167 682 2236 loga
697 2164 833 2232 dilabitur,
849 2174 877 2218 et
928 2163 1058 2229 peratoris
1079 2163 1191 2232 pictam,
1213 2176 1240 2219 et
1266 2165 1394 2234 seriptum
1420 2167 1447 2222 in
1460 2169 1581 2225 circulo:
1599 2169 1713 2228 Trusnn.

86 2275 118 2320 ss
141 2260 209 2316 inira
225 2275 362 2316 uterorum
388 2257 587 2314 Aneonicorom
613 2255 790 2311 nnonitiouem
812 2269 876 2308 oon·
927 2256 1118 2312 (ὶοιιιτιιιτιιιι.
1134 2256 1278 2313 Peresius.
1294 2258 1423 2313 Aooosri.
1442 2261 1483 2314 Ab
1494 2261 1546 2315 alia
1561 2276 1624 2316 reru
1641 2273 1715 2329 parte

88 2348 275 2419 studieapud
297 2350 455 2420 lugdunum
475 2353 594 2422 synodus
607 2350 793 2419 episcoporum
808 2361 875 2402 eon·
928 2347 1060 2404 babentes
1071 2349 1225 2419 quadrigam
1248 2359 1275 2404 et
1299 2364 1482 2416 ascensorem,
1495 2353 1715 2423 continentesque

86 2441 429 2520 {suspiraremusque
445 2458 584 2498 causarum
600 2441 791 2496 altereationes
806 2439 874 2494 ioci-
926 2439 1055 2508 seriptum
1070 2457 1077 2495 :
1095 2430 1208 2496 cronon.
1226 2439 1407 2497 nonnosus.
1420 2441 1502 2497 blolta
1516 2453 1606 2499 autem
1623 2455 1650 2500 et
1662 2447 1723 2506 alia¹

88 2534 168 2599 dens,
191 2534 451 2604 negligentioresque
471 2533 571 2602 judicio
595 2532 733 2587 damnans.
751 2529 875 2600 Synodus
924 2540 1083 2588 ornamenta
1096 2571 1105 2597 ,
1120 2546 1179 2601 qoae
1193 2546 1209 2586 a
1224 2532 1318 2601 legatis
1332 2543 1393 2588 suot
1411 2533 1541 2600 exhibita,
1555 2537 1672 2602 ostendit
1688 2535 1711 2590 l.

84 2626 121 2678 ad
133 2639 225 2696 regem
241 2634 399 2691 revertitur,
415 2624 498 2679 rnolta
510 2626 543 2680 ule
555 2625 615 2695 luga
631 2622 768 2679 Mororuoli
779 2622 872 2687 ducis,
959 2617 1004 2676 tit.
1024 2620 1142 2692 Denique
1155 2637 1216 2677 com
1231 2623 1301 2687 apud
1315 2625 1435 2678 easodem
1452 2625 1541 2680 villum
1563 2642 1716 2683 commota·-

87 2716 215 2771 noooulla
229 2716 263 2769 de
276 2715 419 2770 discordiis
434 2726 561 2770 tractans.
924 2722 1009 2777 retur,
1025 2712 1134 2782 Egidios
1144 2711 1301 2769 lihenrensis
1312 2716 1453 2784 episcopos
1461 2732 1520 2772 cuso
1529 2720 1624 2782 primis
1636 2719 1711 2776 chil-

123 2807 156 2860 ll.
169 2807 271 2862 litteren
287 2809 366 2878 legun
386 2808 530 2879 chilperici
545 2807 636 2876 regis,
652 2808 697 2876 qui
718 2815 780 2863 astte
794 2807 873 2862 trien
923 2801 1027 2858 debenti
1042 2805 1195 2870 proceribus
1210 2809 1236 2860 io
1251 2807 1409 2876 legationem
1428 2810 1461 2864 ad
1476 2808 1655 2880 Cluilperieorn
1671 2831 1712 2870 re·

85 2896 159 2952 nium
184 2900 218 2953 ad
246 2899 381 2954 Tiberium
402 2901 591 2968 inspiratorem
605 2881 738 2966 abierant,
755 2898 870 2968 regressi
921 2910 982 2964 gem
998 2897 1084 2960 venit,
1100 2896 1188 2967 ibique
1200 2898 1379 2956 collocutione
1394 2899 1472 2966 tuen,
1485 2912 1513 2955 ot
1525 2904 1613 2958 ablato
1629 2902 1711 2959 Gunt-

73 2990 870 3063 ¹mnenonsinegrasidmnnuatqnelabore.272liosocom
921 2987 1043 3041 chramni
1065 2988 1136 3056 segis
1158 3002 1251 3058 regno,
1273 2989 1300 3043 lsi
1316 3005 1345 3044 se
1360 2991 1522 3060 conjungere
1546 2994 1661 3051 debeant
1684 2997 1711 3054 in

19 3132 23 3147 ,
83 3082 273 3138 llassiliensem
286 3095 391 3152 portuen
407 3094 517 3154 propter
531 3099 623 3154 regom
636 3083 783 3138 discordias
797 3083 872 3140 adire
922 3090 998 3147 paee,
1009 3079 1046 3133 ait
1057 3077 1224 3148 chilpericus
1239 3096 1304 3135 res:
1321 3081 1381 3135 Filii
1396 3081 1479 3148 nribi,
1496 3086 1611 3152 peccatis
1626 3087 1711 3143 incre·

83 3177 207 3230 sosinan
221 3186 322 3243 essent,
337 3177 470 3244 Agathinus
483 3177 586 3243 orbern,
601 3191 659 3246 quse
672 3176 868 3231 incottbormn
885 3170 1073 3237 necantibus,
1094 3185 1147 3227 non
1170 3184 1370 3240 remanserunt,
1391 3189 1440 3229 nee
1464 3175 1528 3230 milri
1550 3192 1620 3234 nunc
1641 3180 1711 3236 alios

82 3281 166 3335 regno
188 3267 239 3321 sita
253 3275 304 3331 est,
330 3266 510 3322 advenerunt.
534 3267 587 3324 Sed
612 3268 765 3336 prinsquam
792 3265 869 3320 littus
920 3271 1042 3334 superest
1064 3263 1160 3329 hares,
1175 3265 1226 3320 nisi
1253 3265 1342 3320 inauris
1365 3267 1417 3322 moi
1439 3267 1564 3338 sigiberti
1581 3271 1658 3337 hlios,
1684 3274 1710 3328 id

81 3356 253 3428 attingerent,
268 3360 344 3414 nanis
360 3370 418 3414 neta
434 3373 524 3427 neoto,
540 3360 652 3428 impulsa
670 3359 788 3415 terrisin
813 3358 869 3413 iro·
919 3364 962 3409 est
975 3351 1161 3411 childebertus
1174 3371 1222 3410 rex
1236 3373 1244 3409 ι
1259 3357 1372 3427 ideoque
1387 3359 1413 3413 in
1426 3359 1622 3432 omnibusque
1637 3365 1710 3419 labo·

83 3459 124 3504 sta
138 3451 276 3507 minuitur.
292 3450 384 3522 Legati
397 3468 460 3507 reru
475 3468 537 3508 corn
553 3453 643 3520 poeria
663 3467 693 3506 se
709 3451 868 3520 inpericolu
919 3460 980 3499 tete
1000 3457 1123 3515 potuero,
1145 3447 1188 3503 hic
1209 3447 1295 3503 horres
1317 3451 1426 3504 existat.
1446 3451 1562 3506 'lantum
1584 3453 1647 3508 dom
1662 3454 1710 3508 sd-

81 3543 361 3612 eernentes,arreptis
377 3541 472 3597 tabulis
486 3543 529 3597 ris
543 3545 609 3610 ripae
623 3542 700 3596 relati
715 3550 788 3606 suist,
800 3541 867 3595 mol·
920 3539 1021 3603 uixero,
1041 3538 1119 3595 liceat
1139 3537 1205 3594 milri
1226 3539 1285 3595 sine
1305 3542 1431 3610 scrupula
1452 3552 1497 3598 aot
1517 3543 1710 3614 disceptatione

80 3626 116 3682 tis
135 3644 278 3699 puerorum
304 3629 428 3692 amissis:
454 3630 504 3685 sed
529 3631 635 3699 plorimi
648 3640 801 3684 enamront.
815 3630 868 3684 lies
919 3636 1014 3682 cuneta
1036 3637 1139 3685 tenere
1154 3629 1190 3686 Al
1213 3629 1251 3684 illi
1274 3632 1374 3700 gratias
1396 3641 1522 3703 agentes,
1542 3636 1710 3703 pactionibus

82 3728 174 3774 autern
194 3735 261 3789 quas
276 3722 354 3775 undae
369 3720 454 3775 littori
469 3723 635 3786 invexerant,
652 3720 747 3777 inteolae
768 3735 866 3790 rapue-
918 3718 1087 3787 subscriptis,
1100 3733 1132 3774 ea
1146 3733 1205 3786 quoae
1219 3718 1300 3775 locuti
1314 3719 1417 3775 inerant
1432 3721 1617 3790 hrqsarerunt,
1630 3736 1658 3782 et
1672 3727 1707 3784 ad

80 3818 153 3877 root,
170 3825 203 3866 ex
223 3810 319 3879 quibos
341 3810 412 3882 qood
436 3813 533 3867 melios
558 3812 607 3865 luit
631 3812 792 3881 recipientes
809 3855 817 3880 ,
833 3815 866 3866 ad
917 3807 1115 3866 ctsildebertosn
1128 3824 1190 3866 eom
1204 3811 1308 3883 magnis
1321 3803 1477 3868 muneribus
1496 3823 1559 3870 sunt
1577 3818 1706 3888 regressi.

80 3900 259 3965 chilpericum
274 3918 364 3972 regem
377 3901 538 3958 retulerunt.
553 3902 634 3957 llolta
658 3912 747 3957 mosen
767 3917 801 3957 es
825 3903 867 3958 bis
918 3897 1018 3966 Quibus
1028 3899 1237 3969 discedentibus,
1249 3902 1416 3973 Cbilperieus
1426 3919 1472 3958 res
1483 3903 1706 3962 Leodotaldoms

78 3993 347 4063 Agathensessecom
359 3994 867 4065 retirsoeront.‘lorseegoNonigentum
918 3989 1073 4062 episcopum
1093 4007 1154 4048 enm
1175 3993 1268 4062 primis
1287 3995 1363 4064 regni
1385 3995 1426 4050 sui
1446 3995 1554 4051 direxit.
1570 3997 1621 4064 Qut
1644 3999 1709 4056 dato

81 4085 171 4140 sillam
184 4084 198 4124 ⁴
210 4087 243 4142 ad
262 4100 403 4143 occursum
428 4086 653 4156 segisamonem
676 4085 765 4156 ibique
789 4087 867 4141 nobie
918 4092 1094 4153 susceptoque
1114 4095 1282 4141 samamemu
1299 4083 1329 4152 ¹¹,
1346 4086 1565 4159 pactionibusque
1585 4087 1708 4159 ιίιιιιιιίι,

80 4190 128 4232 res
145 4166 298 4234 missorium
315 4187 327 4216 ι
342 4191 479 4248 megenum,
489 4176 561 4247 quod
575 4191 606 4230 er
624 4190 690 4230 auru
702 4176 868 4246 gemmisque
918 4175 1049 4231 steatomati
1063 4179 1177 4246 regressi
1188 4186 1260 4233 sont.

79 4268 257 4326 labriearerat
285 4270 313 4324 in
334 4269 526 4339 quinquaginta
560 4267 688 4322 librarum
725 4267 864 4335 pondere,
954 4263 996 4319 lV.
1018 4265 1250 4334 Lupusrerodos
1271 4268 1463 4338 campanensis
1479 4265 1501 4337 ἱ,
1522 4285 1583 4325 corn
1603 4269 1707 4339 jamdiu

79 4359 214 4429 ostendit,
228 4360 339 4416 dicens:
363 4361 418 4430 Ego
438 4359 497 4415 baec
515 4360 549 4413 ad
575 4356 758 4413 exorrmndam
787 4367 867 4426 atque
916 4357 951 4412 ab
974 4357 1093 4413 aduersis
1116 4358 1271 4429 latigaretur
1294 4370 1321 4416 ot
1348 4361 1511 4429 spoliaretur
1535 4360 1655 4427 assidue,
1678 4370 1709 4418 et

113 4495 165 4549 *is
179 4495 276 4564 estqui
291 4495 337 4548 tib.
352 4509 380 4556 ιι,
391 4508 449 4561 cap.
465 4493 517 4557 bt,
532 4495 630 4547 dicitnr
641 4491 768 4546 nutritios
782 4493 861 4558 regis.
917 4488 1022 4557 goriorn
1043 4482 1113 4557 loqui
1131 4489 1165 4543 de
1178 4504 1231 4542 ona
1254 4504 1313 4557 que
1333 4489 1360 4544 in
1380 4504 1446 4559 agro
1461 4489 1604 4545 Parieiensi
1625 4503 1708 4559 erat;

77 4565 110 4619 t'n
124 4565 231 4633 quidem
249 4565 296 4617 lib.
311 4577 367 4621 ιιιι,
379 4578 439 4628 cup.
455 4562 507 4624 eu,
529 4561 684 4616 Vendelinos
699 4561 809 4613 nutmtor
823 4534 900 4619 rec
918 4559 1091 4634 proindeque,
1106 4569 1152 4612 aot
1163 4559 1196 4612 do
1216 4558 1261 4613 illa
1281 4574 1341 4625 instas
1362 4559 1396 4613 ad
1421 4560 1572 4629 Sequanam
1593 4562 1645 4615 sita
1664 4577 1709 4617 est

38 4646 41 4652 ’
76 4634 116 4704 pis
130 4633 229 4688 obiisse
242 4641 413 4686 rnernuratur.
430 4632 494 4686 bide
515 4645 542 4683 et
564 4631 707 4695 epistolam
721 4629 862 4698 chansiogi
916 4629 984 4681 ttrlra
997 4629 1122 4692 Parrisios,
1132 4628 1211 4684 ltodie
1220 4629 1458 4692 subnectendum
1468 4630 1502 4684 de
1512 4645 1545 4683 ea
1555 4646 1614 4699 quae
1624 4647 1706 4700 snpra

78 4704 194 4757 dos-isati
205 4703 327 4758 eorundem
343 4702 478 4769 coguneos
493 4716 507 4753 a
520 4701 637 4755 Frehero
651 4700 762 4754 editam.
779 4700 863 4756 bitte·
915 4698 1037 4754 eanrdem
1053 4701 1145 4753 turbent
1163 4717 1243 4771 prope
1257 4703 1423 4755 corthoentes
1447 4701 1575 4754 nass-ons
1603 4702 1629 4754 in
1654 4706 1712 4757 see

77 4787 166 4825 rarum
183 4772 277 4826 stollis
293 4773 374 4824 luisse
388 4773 505 4824 deditum
522 4779 592 4836 patet
607 4786 639 4825 en
651 4769 792 4836 ipsiusmet
805 4772 862 4836 epi·
915 4783 1042 4837 quanaru,
1053 4768 1179 4823 Vieenois
1191 4774 1288 4837 onina,
1302 4772 1435 4840 hodieque
1452 4769 1553 4836 lingent
1568 4770 1648 4824 dicta.

76 4844 145 4896 stola
159 4843 193 4896 ad
212 4843 390 4904 'l'rasericonq
402 4841 447 4906 qoi
463 4852 489 4894 et
504 4840 570 4895 alias
585 4840 691 4906 scripsit
712 4840 746 4892 ab
768 4847 861 4895 eodem
952 4839 1127 4895 ‘missorium
1149 4843 1280 4895 vocabunt
1297 4843 1393 4909 pelvim
1412 4855 1459 4894 seo
1475 4840 1590 4893 discunt.
1615 4844 1708 4913 Aliqui

76 4911 195 4965 b'rehero
208 4923 234 4966 et
250 4910 368 4969 clsesnio
383 4913 478 4964 editas.
496 4910 699 4964 llrusteebildem
723 4911 748 4961 in
763 4909 862 4966 callias
915 4922 948 4962 eo
974 4912 1082 4964 notarios
1103 4914 1234 4964 concitam
1259 4911 1425 4976 designatam
1447 4911 1562 4974 voluto,
1583 4912 1706 4967 ttsrtsnolli

75 4981 234 5046 adduxit,ot
248 4998 280 5035 ox
296 4981 441 5035 Fsrrtonato
454 4991 534 5044 potet,
550 4980 644 5049 quide
665 4979 784 5047 ejsssdem
805 4983 861 5034 lao-
913 4980 1026 5034 abacum
1043 4993 1102 5033 ctssn
1124 4981 1195 5034 ssrrrni
1210 4982 1384 5048 supellectile.

75 5051 153 5104 dibus
166 5062 278 5119 quatuor
294 5067 379 5116 'irroret
395 5050 454 5104 libri
466 5066 501 5104 ru
511 5050 628 5109 mention
643 5050 736 5104 edidit.
954 5046 962 5085 t
981 5048 1045 5102 Vide
1059 5050 1121 5103 ΡιιιιΙ
1139 5049 1210 5103 Dine.
1226 5052 1272 5105 lib.
1286 5066 1313 5104 ιιι
1328 5052 1395 5104 llist.
1410 5051 1506 5119 Laug,
1519 5065 1577 5120 cap.
1594 5052 1638 5106 ts.
1725 5064 1727 5069 ¹

112 5117 126 5160 b
142 5119 179 5174 Ea
194 5128 237 5174 est
256 5120 437 5187 lugdunensis
452 5134 490 5186 ιιι,
517 5129 545 5174 ot
565 5119 683 5183 videtur,
709 5119 769 5172 licet
791 5135 859 5175 anne
950 5119 1067 5181 suoru..
1082 5118 1274 5182 leodoaldum,
1291 5121 1483 5189 barjocensem,
1499 5133 1527 5175 ot
1542 5121 1655 5187 ridetur,
1669 5122 1706 5176 de

76 5189 236 5244 contremui
250 5188 285 5242 ᾗ
298 5200 457 5256 correregota
472 5190 576 5244 dicator
586 5189 612 5242 io
634 5190 818 5256 inscriptione,
834 5191 859 5243 to
913 5206 966 5260 qoo
979 5188 1046 5242 inlra
1062 5187 1107 5242 tib.
1120 5206 1165 5257 rs,
1176 5205 1236 5260 cap.
1250 5189 1294 5257 15,
1305 5201 1351 5246 aot
1362 5193 1571 5255 Abriueeosem,
1585 5193 1628 5259 qni
1641 5201 1707 5248 tunc

75 5271 116 5315 est
130 5274 200 5314 astnu
215 5258 278 5322 bib,
294 5256 457 5313 childeberti
472 5269 576 5313 octono.
597 5261 624 5315 ln
640 5274 671 5312 eo
686 5260 784 5313 eondbi
799 5270 861 5314 suist
913 5273 1018 5330 qouque
1039 5241 1154 5315 atrebas.
1716 5273 1720 5283 “

78 5343 196 5384 canentes
211 5342 270 5392 sex,
286 5326 331 5392 snei
345 5330 371 5380 in
386 5329 587 5382 collectionibus
601 5329 703 5382 conscit.
718 5329 858 5383 balneator.
948 5326 963 5366 ¹¹
978 5327 1029 5383 Alii
1042 5328 1134 5393 cond..
1145 5340 1258 5401 excepto
1271 5330 1364 5399 Corh„
1380 5332 1479 5387 babent
1490 5341 1656 5403 susceptoque
1669 5340 1705 5389 de

36 5454 48 5468 ,
78 5397 215 5454 Μιιιιιιιιοιί
229 5397 314 5467 lugam
328 5396 379 5450 bere
394 5397 451 5462 ipso
467 5412 537 5450 ιιιιιιο
547 5398 594 5451 581
612 5398 859 5454 meinoratblarins.
915 5415 976 5471 paee
990 5411 1160 5454 sacramento.

115 5477 127 5506 ⁸
142 5469 188 5522 Sic
197 5467 277 5522 corb.
299 5474 327 5520 ct
353 5466 431 5521 Gutb.
448 5466 499 5520 Alii
519 5481 583 5521 reso
598 5468 724 5537 Apellen.
741 5467 863 5522 lis-bsest
953 5468 961 5506 ἱ
979 5467 1084 5535 liugan,
1106 5470 1308 5541 campaniensis,
1329 5480 1356 5527 et
1377 5472 1431 5527 Bad
1446 5513 1454 5536 ,
1470 5472 1628 5540 Curnponioe,
1643 5487 1708 5538 qose

77 5537 234 5605 episcopalis
249 5537 397 5603 notissima,
413 5535 492 5606 volgo
506 5536 586 5606 hgde,
602 5539 651 5593 sob
666 5537 788 5593 Narbone
803 5551 862 5592 nte·
913 5540 1002 5593 umida
1014 5540 1136 5594 earundem
1149 5543 1309 5609 provinciam
1326 5544 1467 5612 designant
1477 5542 1652 5597 notissimam.
1670 5543 1708 5598 lit

77 5607 184 5714 trtqsoli,
201 5624 226 5661 ιιι
241 5607 413 5674 Septimania.
546 5673 552 5685 .
913 5610 979 5663 inira
996 5623 1043 5674 pro
1057 5611 1178 5679 adrosis,
1192 5629 1251 5683 quos
1264 5613 1344 5671 leutio
1356 5626 1397 5671 est
1411 5612 1493 5672 Corin.
1508 5623 1537 5671 st
1550 5611 1641 5679 liubin,
1655 5611 1707 5669 lta·

139 5675 297 5742 cussrplures
312 5688 373 5731 sorst
387 5676 466 5746 lustjus
481 5676 596 5732 norsnois
610 5676 680 5730 silim
694 5675 783 5744 regim,
798 5691 858 5744 quau
912 5680 977 5736 beust
990 5679 1105 5737 diuersis.

76 5744 458 5828 tolgoliopcsqappellaotor.
475 5746 516 5804 lis
530 5762 589 5818 cap.
607 5748 625 5802 5
643 5757 714 5819 patet
731 5745 775 5804 bic
792 5748 860 5807 liro-

649 5986 662 6015 0
