3736 6248
111 307 165 366 sid
601 300 631 361 8.
650 299 813 360 Gttttttotttt
834 298 984 357 ut‘tscorl
1003 294 1219 356 tunonensis
1687 293 1743 352 ΗΖ

112 419 223 476 seritis:
244 415 302 486 ipse
323 411 395 470 enim
412 409 515 484 iudicet
535 428 646 470 causam
667 431 767 471 meam.
784 415 847 469 ll:cc
865 428 898 469 eo
911 415 937 472 tt
950 421 979 466 ut
991 413 1080 476 rideo,
1104 412 1204 469 deiide
1220 410 1347 480 peremisse
1363 417 1679 479 serratur,nsmceruo
1700 429 1743 470 mo

111 512 230 573 dicente,
246 506 384 575 respondit
406 505 584 561 llutuntolus:
605 505 675 560 Nibil
698 506 745 560 tibi
765 505 897 560 fallaciter
949 501 974 555 in
990 504 1084 557 mortis
1098 503 1184 557 exitio
1199 503 1324 570 positum.
1340 501 1389 557 Cui
1404 502 1472 558 ille:
1489 501 1547 574 Ege
1561 503 1688 572 egrediar
1700 504 1743 560 io·

112 601 257 669 loquimur,
272 598 320 655 sed
334 612 397 653 ecee
410 599 483 652 viros
498 596 660 653 lectissimos
675 608 776 652 statues
789 597 821 653 ad
838 614 899 666 por·
948 610 1003 661 ras,
1018 604 1047 651 et
1059 594 1149 650 omnia
1175 595 1312 666 mitigabo.
1326 594 1386 663 Quo
1405 594 1573 666 egrediente,
1596 594 1743 652 coelestim

114 700 168 745 tam
190 698 264 744 ιιιιιιιι
296 689 448 759 operientes
476 688 629 744 adventum.
653 688 728 742 Neine
746 696 834 744 ιιιιειιι
852 688 898 744 de·
948 699 981 741 cx
991 685 1070 754 iussu
1083 686 1142 755 eius
1154 687 1250 741 saltata
1261 694 1305 741 est
1316 686 1422 753 dotuus,
1434 694 1463 741 ιιι
1477 685 1521 741 bic
1532 686 1742 744 interficeretur.

114 795 186 848 pone
200 778 336 834 baltbeum
350 793 438 832 uicum
452 791 562 832 aeneum
576 790 630 846 que
649 776 779 848 cingeris,
800 792 834 832 ne
852 781 898 833 sl·
948 774 1000 831 Sed
1013 785 1041 831 et
1055 775 1099 830 tlle
1108 789 1169 831 cum
1180 775 1329 831 diutissime
1338 784 1430 830 contra
1443 774 1573 834 bellantes
1584 777 1741 847 restitisset,

115 871 204 925 deeris
220 870 246 923 io
259 868 387 939 iactantia
404 867 565 937 procedere,
577 876 606 923 et
623 875 697 920 tunm
717 868 825 937 accinge
842 868 899 937 gla-
949 865 1023 920 uenit
1034 866 1068 920 ad
1082 866 1191 921 ostium.
1205 863 1325 936 Cumque
1338 865 1521 936 egrederetur,
1538 865 1592 922 duo
1607 882 1669 924 curn
1684 869 1742 923 lan·

113 963 205 1026 elium,
220 976 363 1031 meumque
375 963 499 1016 restitue.
522 961 555 1015 Et
575 959 639 1014 ille:
661 959 718 1014 Non
732 960 898 1030 simpliciter,
949 957 1004 1011 cels
1016 967 1129 1025 utraque
1142 956 1167 1013 ei
1182 958 1264 1012 latera
1279 956 1388 1022 leniunt,
1408 957 1501 1027 sieque
1514 957 1613 1013 cecidit
1627 967 1655 1014 et
1669 975 1741 1014 uter·

117 1053 221 1120 iuquit,
235 1052 293 1105 ltaec
307 1051 387 1106 rerba
402 1050 529 1120 suscipio,
546 1058 574 1103 ιιι
587 1064 618 1103 ea
632 1065 691 1118 qnae
704 1049 738 1105 de
753 1051 804 1105 tuis
817 1064 900 1119 usque
950 1055 1010 1103 tuus
1036 1056 1089 1104 est.
1102 1049 1161 1114 Quo
1175 1048 1231 1104 riso
1244 1047 1392 1120 Episcopus
1407 1048 1606 1121 (Sogittatius),
1620 1049 1687 1106 duro
1709 1052 1741 1105 ti·

61 1205 65 1223 ,
116 1157 189 1197 tturrc
214 1143 240 1196 in
264 1140 395 1195 charitate
419 1149 433 1177 ⁸
451 1155 513 1194 usus
532 1154 607 1207 sum,
629 1153 644 1193 a
666 1155 710 1194 me
734 1138 899 1195 auferantur.
951 1152 1026 1193 more
1046 1147 1232 1195 consternatus
1256 1148 1376 1210 pateret,
1392 1140 1430 1197 eit
1443 1141 1477 1195 ed
1490 1155 1553 1197 eum
1573 1141 1686 1211 quidam
1708 1141 1742 1197 dtt

119 1231 281 1287 llummolus
294 1245 359 1285 rere
369 1229 506 1284 asserebat
516 1245 577 1284 cum
600 1229 769 1299 juramento,
790 1229 854 1285 nibil
875 1231 900 1286 ei
949 1230 1100 1287 astantibus
1115 1248 1122 1284 ι
1136 1231 1240 1301 lnspicc
1254 1232 1369 1302 propriis
1390 1232 1494 1303 oculis,
1516 1233 1654 1304 episcope,
1682 1248 1742 1303 que

116 1322 230 1376 moleste
250 1319 318 1374 lleri.
339 1318 445 1389 Egressi
465 1317 544 1390 igitur
559 1326 680 1388 porum,
696 1317 730 1374 ab
743 1317 840 1375 Olloue
855 1319 899 1374 lli·
950 1329 1090 1390 geruntur,
1101 1330 1131 1379 et
1143 1329 1213 1378 tecte
1227 1322 1307 1393 367
1322 1322 1410 1391 capite
1423 1337 1457 1379 ne
1468 1324 1635 1393 agnoscmis,
1645 1323 1742 1380 eilratu

117 1413 232 1481 turiguut
247 1411 346 1466 comite
360 1418 387 1465 et
402 1408 507 1465 Bosorm
521 1417 660 1478 susceptos
673 1417 724 1464 est.
740 1407 900 1464 llummolus
951 1422 1028 1484 pete,
1042 1423 1072 1469 ut
1095 1413 1267 1470 abscondaris
1291 1413 1438 1483 paululum,
1462 1422 1544 1484 atque
1568 1413 1609 1470 ira
1635 1414 1743 1472 labente

118 1515 207 1561 auum
222 1520 282 1560 curn
296 1503 457 1560 satellitibus
471 1504 498 1558 in
514 1505 607 1558 urbem
627 1519 781 1574 regressus,
796 1514 900 1574 portam
952 1504 1039 1573 pessis
1051 1506 1175 1560 orauere.
1191 1507 1226 1559 nt
1239 1504 1284 1560 ille
1297 1511 1408 1574 eccepto
1422 1504 1544 1573 consilio,
1555 1505 1621 1562 dum
1632 1505 1743 1562 obtecto

118 1597 272 1652 firmissime
285 1593 432 1650 obseravit.
448 1594 496 1648 llic
509 1603 597 1649 aetem
625 1584 693 1650 cum'
706 1609 736 1650 se
760 1595 787 1649 in
814 1596 902 1650 mani·
950 1596 1038 1663 capite
1049 1595 1140 1665 lugere
1152 1595 1294 1659 niteretur,
1307 1604 1428 1651 extracto
1437 1596 1546 1667 quidam
1559 1595 1649 1666 gladio
1662 1607 1743 1667 caput

120 1689 168 1745 bus
182 1689 349 1743 inimicorum
363 1697 488 1743 cerneret
502 1685 644 1753 traditum,
660 1686 773 1743 eleuatis
791 1687 826 1742 ad
844 1702 900 1744 ctu·
951 1685 1010 1755 ejus
1030 1702 1090 1740 cerm
1116 1686 1221 1740 cttculle
1244 1684 1357 1740 decidit.
1374 1685 1477 1742 Deinde
1499 1686 1684 1758 unnsquisque
1709 1688 1741 1742 ad

117 1779 171 1833 lum
186 1778 308 1832 manibus
328 1786 355 1833 et
369 1775 468 1841 oculis,
488 1776 545 1830 ait:
560 1774 643 1830 ludes
658 1786 773 1844 eterne,
788 1785 815 1831 et
835 1777 902 1833 ultio
917 1780 940 1840 B
954 1777 1058 1846 propria
1073 1776 1190 1842 rediens,
1206 1790 1316 1848 magnas
1330 1791 1378 1846 per
1403 1774 1473 1830 viem
1488 1775 1594 1846 predae
1607 1788 1636 1833 et
1656 1777 1743 1832 bemi-

117 1886 180 1923 sera
200 1869 395 1934 innocentium,
419 1867 503 1934 Deus,
517 1883 532 1921 a
548 1883 601 1937 quo
622 1867 709 1923 omnis
720 1867 823 1938 justitia
839 1884 903 1938 pro-
952 1865 1021 1922 cidia
1034 1866 1106 1922 lecit.
1122 1864 1304 1935 l'rodegundis
1317 1875 1406 1921 sutem
1422 1865 1464 1922 bis
1478 1866 1572 1922 diebus
1585 1865 1741 1938 cuppanem

117 1960 205 2027 cedit,
229 1960 272 2014 cui
296 1958 466 2014 nterrdaeium
489 1972 542 2014 tten
566 1959 672 2028 placet,
694 1960 720 2014 in
743 1976 796 2031 quo
815 1962 903 2015 nullus
952 1957 1154 2014 irtTelosanom
1168 1957 1280 2023 direxit,
1297 1966 1326 2012 ut
1339 1957 1624 2013 sciliectllliamsuant
1645 1959 1743 2016 exinde

117 2053 196 2107 doles
217 2065 305 2120 neque
324 2051 441 2106 uersutia
461 2050 571 2105 melitio
586 2051 752 2116 continetur,
768 2053 814 2107 tibi
829 2067 903 2108 cotn-
953 2036 1112 2122 quocunque
1126 2051 1205 2106 mede
1220 2057 1319 2120 posset,
1331 2057 1449 2106 erueret.
1460 2048 1674 2106 Ferebantenim
1689 2053 1743 2121 ple·

120 2141 219 2197 mendo
232 2155 339 2196 caesam
353 2154 455 2205 meam,
471 2139 618 2209 deprecans
632 2149 661 2195 ut
672 2141 710 2196 sis
723 2143 849 2198 velociter
861 2142 901 2199 nl·
953 2143 1028 2215 rique
1039 2142 1075 2199 ob
1088 2143 1139 2198 bec
1160 2156 1221 2198 eum
1235 2141 1442 2206 transmissum,
1456 2146 1486 2197 ut
1499 2140 1523 2196 si
1537 2131 1743 2197 Gundoralduot

122 2240 165 2287 tor
178 2245 259 2299 super
270 2229 380 2299 eosqui
391 2244 435 2285 me
448 2228 584 2284 intentent
598 2230 721 2284 manibus
737 2232 904 2289 tradiderunt
952 2232 1097 2303 reperisset
1111 2232 1216 2300 visunt,
1228 2232 1318 2287 multis
1332 2232 1455 2288 illectum
1471 2232 1695 2302 promissionibus
1709 2234 1742 2290 ad

118 2322 300 2378 inimicorum.
318 2321 380 2377 llcc
392 2337 453 2378 cunt
468 2320 594 2385 dixisset.
607 2324 767 2391 consigtrans
780 2338 809 2378 se
824 2339 903 2379 errice
953 2340 1011 2382 eam
1026 2324 1220 2381 transduceret.
1234 2324 1289 2382 Sed
1303 2339 1365 2381 eum
1384 2323 1434 2380 bec
1454 2321 1545 2380 lacere
1567 2325 1744 2394 nequitisset,

119 2414 275 2478 bonsioica,
291 2412 365 2469 abire
378 2413 533 2483 coepitcurn
557 2412 710 2468 titrntieibus
730 2415 901 2480 supradictis.
953 2425 1088 2486 acceptam
1103 2416 1265 2486 lliguntbem
1280 2431 1295 2471 a
1310 2416 1370 2472 loeo
1392 2416 1439 2471 ille
1461 2415 1575 2484 reduxit,
1604 2431 1658 2473 non
1686 2419 1744 2474 sine

118 2502 239 2575 Cumque
253 2519 268 2557 a
282 2516 358 2574 porta
373 2522 402 2563 se
413 2508 493 2578 366
504 2508 684 2580 elongassent,
697 2512 767 2565 sient
778 2519 817 2564 est
831 2512 903 2567 circa
953 2505 1045 2578 grandi
1060 2506 1208 2560 bumilitate
1221 2515 1300 2574 atque
1313 2506 1475 2561 ceolumelia
1491 2514 1515 2558 t.

119 2596 212 2650 urbem
233 2596 311 2653 vellis
329 2606 382 2653 tota
404 2600 429 2653 in
447 2603 640 2671 precipitium,
662 2602 842 2677 impulsuspb
857 2604 902 2660 0l-
988 2597 1044 2652 XL.
1060 2596 1141 2667 lgltur
1156 2594 1336 2666 leudegisilus
1350 2595 1402 2649 dus
1420 2608 1480 2649 cum
1495 2591 1631 2668 thesauris
1655 2594 1743 2650 omni·

122 2686 184 2743 lune
198 2687 314 2756 cecidit,
328 2690 373 2746 illo
387 2706 494 2764 quoque
507 2694 640 2769 clemente
653 2713 660 2748 :
675 2697 713 2750 En
726 2696 803 2753 uobis
817 2697 905 2752 Bello-
953 2688 1012 2755 bus,
1029 2702 1095 2758 (1⁰0⁸
1109 2687 1232 2756 δῦβθιῑΰι
1247 2686 1452 2750 ιθῠῐῑιιιῑῑῐῑῦδ.
1477 2685 1510 2741 ²1¹
1537 2701 1630 2759 renem
1656 2690 1742 2755 isnin

120 2792 221 2833 urerent
236 2789 375 2848 restrum,
389 2785 434 2851 qni
456 2799 487 2839 se
506 2792 577 2854 regis
592 2794 620 2840 et
634 2785 742 2841 fratrem
756 2787 820 2842 dicit
832 2796 861 2845 et
874 2787 904 2843 ll·
954 2792 1022 2850 (1⁰0⁸
1036 2787 1125 2849 9⁰⁵10³
1136 2793 1184 2834 Μ
1196 2779 1357 2849 llllssflbffl
1371 2786 1398 2833 ⁰²
1411 2776 1536 2837 bedellii
1546 2779 1681 2850 θῐθιιίιῑῑ·
1693 2779 1744 2850 ΑΡ·

121 2868 245 2926 ιιιιιι.ιι
258 2871 375 2928 ommno
387 2875 488 2942 tanos,
499 2878 581 2931 rotun
593 2892 654 2934 eoo
671 2879 905 2949 arsenogonon
954 2869 1084 2941 prehensa
1098 2883 1161 2925 tero
1176 2883 1260 2925 uxore
1274 2870 1410 2923 nummus
1423 2911 1431 2935 ,
1445 2867 1580 2938 inquirere
1593 2884 1640 2926 rex
1654 2871 1743 2941 copti,

118 2958 224 3029 repulsa
242 2973 257 3012 a
277 2959 386 3018 circulis
402 2961 492 3018 loricae
504 2964 569 3018 nibil
584 2966 685 3020 necuit.
705 2965 824 3038 lienique
843 2982 904 3024 eum
954 2963 1016 3049 quid
1032 2962 1149 3037 tbcsauri
1164 2976 1231 3032 ques
1254 2961 1272 3017 ii
1295 2968 1533 3033 congregatum,
1556 2960 1741 3019 devenissent.

122 3048 240 3106 eleustus
254 3049 288 3105 ad
306 3059 424 3109 menum
445 3055 549 3125 regredi
563 3055 704 3124 nieretur,
721 3058 791 3114 Boso
805 3061 905 3114 serisso
954 3053 1008 3110 Sed
1024 3052 1068 3108 illa
1081 3067 1246 3123 cognescens
1261 3052 1345 3108 uirum
1360 3069 1437 3108 suum
1458 3050 1628 3109 interiectum
1644 3052 1744 3123 luisse,

121 3137 209 3209 lapide
220 3149 301 3211 caput
324 3141 383 3210 eius
400 3143 523 3211 libravit,
545 3146 589 3216 qui
605 3147 717 3204 cecidit.
736 3157 763 3203 et
782 3160 903 3204 ntortuos
918 3136 943 3202 G
957 3153 985 3200 et
996 3157 1104 3199 omnem
1114 3143 1270 3215 jactantiam
1287 3158 1379 3213 eorupt
1394 3157 1505 3214 prorsus
1519 3143 1546 3201 iu
1560 3152 1660 3200 terrem
1688 3159 1744 3200 cor·

117 3238 167 3286 cst.
191 3229 321 3302 venitque
342 3247 423 3293 omne
443 3238 552 3308 tulgus,
573 3246 600 3293 et
617 3238 712 3294 deliris
733 3240 759 3294 in
774 3256 834 3295 eum
850 3240 908 3293 lan·
958 3236 1053 3303 ruisse,
1067 3235 1155 3291 omnia
1172 3235 1280 3306 pandit,
1295 3232 1415 3306 dixitque
1429 3235 1542 3290 multum
1567 3235 1658 3291 adbuc
1679 3235 1745 3306 apud

118 3324 183 3391 cele,
197 3325 279 3394 pedes
292 3326 351 3396 ejus
363 3326 425 3382 lune
437 3328 564 3399 ligantes,
578 3345 624 3400 per
637 3333 726 3386 omnis
741 3334 908 3387 exercituum
959 3331 1052 3386 urbem
1068 3330 1231 3387 At'cnnicam
1255 3329 1312 3384 auri
1327 3337 1407 3398 atque
1420 3327 1524 3397 argerui
1538 3341 1611 3398 esse,
1634 3341 1698 3396 quae
1715 3327 1745 3385 ad

118 3423 205 3469 castra
220 3424 378 3482 traxerunt3
392 3419 591 3488 evellentesque
605 3421 741 3477 cesariem
754 3437 785 3477 ac
800 3421 909 3476 barbam
959 3422 1030 3492 regis
1051 3423 1171 3479 notitiam
1187 3434 1239 3476 nun
1265 3421 1411 3478 venissent.
1435 3420 1585 3491 statioque
1606 3419 1681 3476 misit
1701 3433 1746 3476 ret

124 3506 199 3574 ejus,
215 3507 374 3576 insepultum
389 3510 445 3576 ipso
460 3512 485 3564 in
501 3512 559 3564 loeo
570 3526 623 3580 quo
638 3512 793 3568 interiectus
808 3513 908 3580 luerat,
958 3515 1030 3570 eires
1043 3513 1087 3585 qui
1102 3514 1159 3570 base
1173 3511 1279 3569 deferre
1287 3512 1483 3569 deberentcum
1495 3526 1549 3568 uno
1563 3527 1661 3582 puero,
1670 3527 1747 3584 quem

119 3597 295 3664 reliquerunt.
307 3597 390 3654 Necte
401 3615 465 3654 vero
479 3603 609 3671 sequenti,
622 3603 695 3671 liqui
709 3605 786 3674 primi
797 3618 873 3661 cram
883 3604 908 3675 b,
959 3601 1037 3658 ualde
1049 3601 1180 3658 creditum
1194 3601 1355 3657 llumnmlus
1370 3600 1486 3666 lubens,
1502 3599 1560 3657 baec
1573 3599 1601 3658 ei
1612 3615 1747 3658 cemmen-

120 3697 214 3738 omoes
234 3685 375 3742 tbcsamos
393 3705 460 3758 quos
481 3692 506 3744 in
528 3694 595 3763 urbe
616 3696 735 3764 reperire
747 3705 907 3767 potueruut,
959 3694 1082 3751 deserat.
1097 3695 1233 3751 Abeuntes
1248 3702 1337 3750 eutem
1351 3702 1515 3764 acceperunt
1527 3693 1629 3761 mnia,
1650 3708 1712 3764 quc
1725 3693 1747 3750 iu

121 3789 182 3830 cum
196 3775 352 3833 ministeriis
364 3780 485 3836 ecclesie
495 3783 562 3838 elam
572 3783 748 3842 abstulerunt.
760 3787 836 3844 Mene
846 3805 911 3847 reto
960 3787 1027 3845 urbe
1041 3789 1133 3845 relicta
1147 3787 1265 3845 luerent.
1281 3787 1382 3844 Fctum
1395 3796 1484 3844 eumen
1499 3787 1615 3845 ducents
1628 3798 1657 3844 et
1670 3789 1748 3859 quio·

121 3868 249 3925 reseratis
264 3882 399 3939 portarum
414 3874 517 3942 ratris,
539 3876 660 3931 immisso
678 3879 812 3946 exercitu,
832 3896 911 3938 omre
960 3882 1086 3952 quaginta
1101 3882 1199 3938 utente
1221 3879 1324 3951 argenti
1348 3878 1443 3945 luisse,
1469 3882 1527 3936 auri
1550 3895 1616 3936 rere
1637 3879 1749 3950 amplius

121 3958 215 4028 vulgus
228 3957 360 4016 inclusum
375 3963 402 4018 in
416 3979 463 4018 ore
475 3965 554 4034 gladii
569 3967 744 4033 traddertmt.
759 3973 912 4030 sacerdotes
960 3986 1040 4042 quero
1056 3970 1173 4040 triginta.
1188 3968 1242 4028 Sed
1257 3969 1325 4035 baec,
1340 3981 1369 4025 ut
1380 3969 1479 4032 lerunt.
1493 3969 1528 4026 de
1548 3979 1658 4041 reperto
1682 3969 1747 4025 snti-
1782 4006 1788 4023 ,

120 4064 225 4121 l¹¹⁰ll⁰0
246 4050 351 4110 Domini
372 4071 433 4112 cum
457 4059 586 4115 ttrittistris
604 4060 637 4115 al
658 4062 715 4136 ipsa
733 4066 911 4125 ecclesiarum
961 4079 1014 4135 que
1037 4062 1163 4120 tbesauro
1176 4062 1295 4119 abstulit.
1318 4061 1395 4130 Quod
1410 4077 1457 4118 res
1471 4060 1587 4119 diuisum
1600 4075 1663 4117 cum
1677 4058 1750 4117 cuit·

120 4140 214 4198 altaria
235 4145 409 4204 trucidantes.
431 4150 573 4222 Postquam
601 4163 690 4209 autem
704 4167 815 4214 euectos
829 4158 912 4217 inter·
960 4157 1072 4213 deberto
1085 4170 1148 4227 rege
1161 4163 1259 4222 nepote
1271 4169 1330 4220 suo,
1348 4163 1450 4223 mrtem
1463 4169 1537 4210 suam
1553 4153 1674 4209 maxime
1687 4167 1748 4222 peu·

122 4232 298 4305 lecerunt,ut
317 4255 370 4295 non
391 4255 543 4300 remaneret
561 4245 684 4316 mingens
701 4249 735 4304 ad
759 4252 909 4321 parictem,
962 4247 1072 4317 peribus
1085 4254 1126 4302 est
1148 4245 1276 4315 largitus;
1291 4245 1398 4300 meineri
1421 4251 1512 4300 sutem
1534 4243 1602 4299 nibil
1626 4243 1751 4313 amplius,

124 4342 232 4383 emnem
258 4331 351 4387 urbem
373 4348 433 4387 cum
457 4335 579 4390 ecclesiis
603 4336 768 4408 reliquisque
793 4341 912 4398 aedillciis
961 4353 1040 4410 quam
1053 4352 1084 4394 ea
1097 4351 1156 4407 quae
1168 4336 1202 4392 de
1216 4336 1367 4405 perentibus
1380 4337 1519 4400 babuerat,
1531 4334 1702 4405 relinquens.

125 4418 335 4489 succenderunt,
347 4422 414 4476 nibil
427 4424 462 4479 ibi
473 4438 569 4494 preter
583 4425 692 4481 bornum
707 4442 816 4485 vacuato
830 4431 912 4488 relin·
997 4426 1066 4486 llLl.
1080 4427 1155 4483 'lunc
1168 4434 1196 4483 ct
1206 4426 1285 4482 bento
1296 4426 1341 4481 ille
1354 4424 1605 4496 immensicerporis
1616 4424 1651 4480 sd
1663 4439 1749 4496 ment

121 4514 244 4575 illeille&
925 4501 1147 4576 Ddettnnnnoti
1170 4516 1345 4573 familiaribus
1369 4516 1499 4580 adductus
1521 4522 1573 4582 est,
1596 4514 1634 4571 itu
1659 4530 1752 4587 magus

159 4594 279 4652 xxxix,
294 4597 374 4669 lgitur
387 4599 571 4674 leudegisilus
584 4609 691 4667 rediens
703 4610 736 4666 ad
750 4621 836 4666 castra
850 4627 911 4670 certa
964 4623 1076 4679 corpore
1091 4609 1187 4674 elatus,
1203 4615 1232 4662 ut
1245 4606 1312 4662 duos
1326 4615 1372 4662 aut
1387 4614 1441 4662 tres
1457 4605 1538 4674 pedes
1551 4620 1634 4674 super
1655 4605 1748 4678 lurrgis

122 4683 268 4745 llurrtmole
289 4702 313 4746 et
330 4689 485 4761 Sagittario,
499 4694 912 4770 ctariotloetll'auuooe,tirso·
963 4707 1047 4759 simos
1067 4702 1191 4759 homines
1216 4711 1355 4772 putaretur
1374 4714 1492 4772 magnus,
1516 4699 1646 4771 lignarius
1667 4697 1752 4770 isber,

110 4777 175 4840 ‘tius
187 4781 291 4838 occulte
305 4783 338 4839 ad
354 4799 444 4857 regem
458 4787 559 4859 dirigit,
575 4792 638 4860 quid
651 4792 685 4848 do
706 4793 747 4847 liis
760 4794 820 4851 lieri
835 4797 907 4850 velit
964 4795 1008 4865 qui
1023 4809 1074 4848 nen
1085 4793 1170 4849 multe
1184 4802 1243 4863 pest
1256 4793 1331 4849 obiit.

122 4871 157 4926 ttt
177 4871 224 4929 illc
237 4876 345 4945 capitali
361 4893 408 4935 eos
427 4880 507 4950 lussit
534 4881 612 4940 linire
637 4888 782 4952 senentis.
807 4888 910 4945 waddo
995 4886 1080 4957 368
1092 4884 1172 4940 ltttt.
1183 4883 1305 4939 Posthac
1314 4881 1453 4937 edictume
1459 4879 1595 4952 judicibus
1604 4878 1755 4947 datemest,

121 4969 258 5020 tannecum
272 4967 419 5041 cbariullo,
432 4974 532 5030 relictis
543 4976 605 5032 liliis
617 4978 765 5045 obsidibus,
780 4980 913 5036 discesse-
963 4985 993 5031 nt
1007 4976 1051 5046 qni
1066 4978 1093 5031 in
1108 4976 1158 5030 bac
1171 4973 1340 5044 expeditione
1348 4972 1414 5028 tardi
1426 4969 1542 5041 lucraret,
1551 4971 1755 5030 damnaremus.

121 5058 232 5112 suntab
244 5060 295 5115 eis.
312 5061 405 5119 [teleto
416 5081 520 5137 quoqne
533 5070 626 5124 ertrttio
637 5070 671 5126 de
684 5071 780 5127 borum
791 5072 911 5141 interitu,
964 5065 1111 5137 Biturigum
1127 5080 1233 5134 quoque
1255 5078 1347 5120 coutet
1362 5063 1435 5120 toisit
1459 5077 1556 5134 pucros
1577 5076 1653 5129 suos,
1670 5073 1708 5128 ¹ut
1732 5065 1757 5117 in

108 5159 184 5201 ‚curn
199 5146 607 5229 bucllnmmolusadtertisset¹
624 5164 857 5220 accinctusaemtq
873 5174 914 5220 qq.
964 5157 1128 5214 domebeati
1147 5155 1265 5222 llartini,
1280 5169 1340 5225 quse
1364 5155 1391 5209 itt
1415 5153 1466 5208 boc
1490 5151 1604 5209 termino
1626 5152 1679 5208 sita
1704 5164 1757 5216 est,

121 5235 226 5303 gurium
242 5237 402 5311 leudegisili
417 5250 490 5314 petit.
518 5249 552 5305 tlt
568 5252 613 5307 ille
637 5253 729 5310 ridens
754 5270 826 5322 curn,
853 5255 911 5309 ait:
965 5244 1115 5315 hujusmodi
1130 5244 1252 5301 borsines
1263 5243 1379 5312 spoliare
1392 5243 1531 5298 deberent.
1546 5241 1601 5299 Sed
1612 5256 1699 5312 ageos
1711 5243 1759 5296 do·

122 5325 193 5394 Quid
208 5329 259 5398 sic,
273 5332 369 5402 inquit,
384 5341 459 5405 quast
474 5338 577 5410 lugiens
587 5343 679 5400 equis?
693 5344 741 5401 coi
753 5346 797 5402 ute
810 5363 817 5403 :
831 5345 914 5416 Nilei,
966 5350 1026 5393 mus
1047 5337 1120 5391 itlius
1140 5334 1265 5393 resistcre
1285 5332 1393 5392 lortiter
1413 5333 1512 5405 coepit,
1532 5333 1627 5391 diceus
1642 5351 1650 5388 ι
1666 5331 1761 5390 Senot

160 5515 175 5544 ⁸
191 5505 258 5566 coo
273 5511 375 5580 casto..
392 5516 419 5569 iu
434 5517 544 5574 ciuitate.
965 5518 998 5574 ad
1019 5534 1080 5587 cap.
1092 5516 1129 5570 eti
1146 5516 1194 5572 lib.
1211 5531 1247 5571 ιι.
1263 5514 1341 5571 Unde
1355 5521 1395 5570 tot
1408 5524 1541 5569 moratum
1555 5509 1653 5581 procul
1677 5508 1763 5566 dubio

160 5572 288 5647 ¹’Casium
303 5585 321 5638 ii
332 5587 376 5657 qm
390 5587 460 5640 trtissi
473 5598 555 5642 erent.
966 5600 1093 5658 pertaesus
1116 5586 1292 5651 Recearcdus,
1317 5583 1471 5640 lladdoueut
1500 5583 1660 5656 popularem
1682 5594 1763 5639 suaet
1793 5602 1795 5606 ¹

161 5648 326 5780 ‘Ntrrrqnam
338 5655 408 5710 etnim
424 5657 576 5714 llcccarcdo
587 5659 685 5726 nupsit,
697 5659 787 5725 sicuti,
802 5650 915 5717 ltmre-
965 5661 1015 5716 sibi
1030 5658 1136 5715 tantlctn
1151 5655 1273 5727 cerriugie
1286 5656 1427 5727 copularit.

92 5800 96 5808 ι
125 5718 179 5783 lut,
193 5734 241 5777 nec
266 5723 449 5784 'lilorlosvinde
463 5728 587 5800 sigiberti
599 5730 663 5786 lilia.
679 5731 746 5790 vioe
758 5732 826 5787 inita
836 5741 913 5789 netas
