3736 6248
63 439 99 492 i5
786 429 978 488 rubrarto.
1402 470 1404 487 .
1660 433 1697 493 16

60 549 223 605 illustrandae
244 561 351 617 operam
375 554 486 612 navant,
508 554 537 599 nt
556 559 587 602 ea
610 559 675 616 pura
699 556 726 601 et
748 546 852 602 sincera
868 547 891 604 a
905 560 920 600 s
933 544 1490 620 Francisriolatamolturusllbenotransg
1506 548 1603 604 esseio
1618 547 1701 604 Fren-

59 640 257 705 nanciscantur,
274 637 300 691 id
315 647 402 691 tamen
418 636 584 706 prutissirnum
604 646 646 692 est
656 634 853 691 obseruandum
908 638 975 691 ciem
990 637 1148 708 trajecisset,
1166 639 1308 694 Bructeros
1323 641 1387 708 ripe
1402 643 1547 709 pmsirues,
1564 654 1590 696 et
1604 657 1699 712 pigrum

59 749 120 788 cum
131 733 228 789 desunt
246 731 289 785 aiii
312 730 435 801 ejusdem
456 730 505 784 «ιιι
528 739 664 794 auctores,
676 743 788 799 qnorum
803 741 854 797 otte
905 744 984 799 quem
1000 729 1149 785 incolebam
1163 727 1302 797 Gbarnari,
1317 731 1391 787 nulio
1408 732 1458 788 sibi
1471 741 1638 798 occursante,
1652 733 1701 788 de·

61 825 131 880 naeri
155 831 183 879 et
205 837 324 888 errores,
349 822 393 890 qni
407 821 476 876 iorte
500 821 527 874 in
551 820 657 875 codices
684 816 853 887 irrepsmini,
907 819 1047 892 populatus
1059 827 1111 884 est,
1124 820 1210 891 lnquit
1224 821 1268 875 ilie
1281 832 1385 888 auctor,
1405 823 1455 878 nisi
1477 823 1547 892 quud
1572 825 1646 891 punct
1667 840 1700 878 cx

61 915 199 971 emendari
225 912 305 967 incile
318 914 430 982 possint.
446 911 519 966 'leiis
529 920 571 967 est
586 911 730 981 Gregorius
752 918 852 975 nester,
906 909 1080 978 Ampsiuariis
1093 914 1121 964 et
1133 908 1236 964 Gbattis
1251 909 1417 966 llareomere
1436 911 1504 966 duce
1519 913 1546 965 in
1561 913 1698 966 ulteriori-

58 1007 152 1063 nnicus
167 1005 269 1061 scilicet
282 1014 384 1068 auctor,
408 1002 573 1073 quiquidem
589 1000 715 1070 supersit,
734 1000 779 1069 qui
792 998 853 1054 data
907 998 957 1055 bns
972 997 1080 1054 coliium
1092 999 1163 1069 jugis
1175 1016 1334 1071 apparuere.
1350 1001 1470 1070 sienim,
1485 1012 1513 1056 ut
1528 1002 1594 1057 scite
1607 1004 1701 1057 obscr-

58 1115 143 1170 opera
156 1099 301 1167 prirnorum
316 1098 403 1168 gentis
419 1105 516 1151 nostrae
531 1111 634 1165 regom,
651 1109 764 1165 qrrormn
783 1102 853 1150 tem·
905 1099 949 1144 rat
959 1086 1092 1154 Valesius,
1106 1091 1149 1170 bis
1161 1090 1268 1160 pupulis
1281 1105 1333 1145 non
1345 1091 1496 1158 prminisset
1509 1092 1699 1160 iiarcmucrns,

59 1207 126 1262 pore
139 1192 254 1257 vivebat,
271 1199 345 1260 gesta
361 1190 456 1244 litteris
470 1189 646 1245 mandaverit.
663 1187 739 1244 Unde
759 1188 854 1241 merito
904 1195 983 1249 nuum
1001 1195 1079 1250 supra
1096 1180 1166 1235 idern
1187 1178 1323 1250 Sulpicius
1342 1179 1505 1236 Francorum
1525 1182 1635 1252 regalem
1655 1199 1700 1249 np-

60 1285 182 1341 lialesins
194 1283 252 1353 cius
268 1283 350 1338 libres
362 1281 478 1353 appellnt
491 1280 613 1337 ilistorioe
625 1289 719 1335 nostre
733 1279 853 1351 ferndum,
905 1271 1061 1341 peliarerat,
1078 1287 1127 1327 nec
1142 1271 1245 1340 priores
1255 1270 1334 1328 'dues
1355 1272 1467 1342 populos
1490 1273 1634 1328 defendere
1655 1274 1701 1327 rie·

59 1391 91 1430 er
107 1389 161 1445 tine
179 1375 311 1444 originum
338 1388 480 1443 rerumque
496 1373 682 1428 Franeiearnm
700 1371 783 1442 prima
805 1385 853 1424 ne·
905 1363 1018 1429 buisset,
1026 1378 1075 1418 nec
1087 1364 1153 1418 duos
1165 1365 1329 1432 posteriores
1339 1365 1439 1420 babere
1450 1366 1579 1434 potuisset
1590 1366 1699 1419 milites.

59 1466 115 1521 titia
131 1465 298 1535 potissimum
313 1465 458 1535 repetenda
479 1466 529 1530 sit,
549 1479 628 1534 quem
651 1465 716 1519 tenti
743 1463 855 1526 iaciebat
907 1452 992 1523 [leges
1011 1469 1044 1508 ru
1060 1465 1124 1510 tune
1137 1455 1278 1511 habuerim
1299 1455 1406 1524 Franci,
1428 1471 1461 1511 an
1482 1468 1546 1511 rere
1561 1456 1643 1512 drrecs
1658 1474 1701 1511 so·

58 1554 854 1624 virilledoctissimns,utbistoriaesnoelibros,‹prrossuru-
905 1542 1060 1611 tummode,
1084 1555 1130 1599 aut
1156 1547 1250 1615 ‘illotis
1274 1546 1327 1601 aliu
1353 1547 1462 1602 uomina
1487 1549 1701 1616 annullarentur,

58 1633 103 1704 me
118 1648 210 1704 labore
223 1656 250 1704 et
264 1648 402 1716 diligentia
426 1663 479 1701 nnn
498 1646 600 1717 uulgari
616 1645 768 1713 adornauit,
784 1661 853 1701 uou-
903 1635 1051 1705 principes,
1064 1635 1233 1708 subregulos,
1245 1646 1291 1693 aui
1301 1639 1533 1710 resaisirlssttillrll
1544 1639 1700 1710 Gregorius,

58 1739 109 1795 nisi
128 1739 335 1795 commentarios
356 1739 382 1792 in
407 1735 564 1808 Gregoriurn
585 1735 769 1792 ‘turonensem
790 1750 854 1788 cen·
906 1740 1016 1797 remque
1029 1726 1055 1782 in
1072 1727 1160 1784 medio
1175 1729 1325 1800 relinqtrcre
1346 1729 1460 1795 uidetur,
1477 1746 1537 1786 cnut
1562 1731 1631 1801 apnd
1654 1747 1701 1787 cos

56 1831 139 1885 suerit
154 1828 337 1900 appellandos.
352 1826 407 1883 Nec
419 1828 509 1883 miuus
524 1826 629 1882 cointio
642 1826 701 1881 osui
719 1825 767 1880 init
784 1824 850 1880 Οτι
904 1832 1028 1878 auctores
1044 1830 1106 1877 ante
1122 1820 1233 1893 Eugenii
1250 1824 1355 1895 tyranni
1372 1833 1475 1894 tempus
1490 1840 1597 1879 nemoe
1617 1825 1701 1879 Fran·

57 1919 147 1991 gorius
163 1921 189 1974 in
204 1917 397 1975 ecclesiasticis
413 1916 578 1974 Francorum
594 1914 734 1970 arruaiibus
747 1913 850 1969 descri-
867 1907 945 1967 Bcis
964 1913 1036 1982 regis
1050 1910 1128 1967 titulo
1141 1906 1255 1969 donatus
1268 1924 1403 1971 occurrat.
1418 1914 1474 1983 Qua
1494 1917 1519 1970 in
1538 1929 1568 1970 re
1585 1918 1702 1985 grauiter

57 2012 161 2077 bctrdis,
178 2025 246 2081 qrres
256 2025 288 2063 ex
303 2007 362 2078 eins
375 2005 451 2062 libris
464 2016 492 2061 us
505 2005 648 2076 plurimum
663 2003 852 2058 centestosri-
904 2001 1026 2068 culpatur
1039 2017 1053 2057 a
1073 2002 1186 2070 valesio,
1207 2005 1252 2076 qtri
1274 2019 1351 2076 reges
1364 2006 1435 2075 apud
1455 2006 1572 2062 Francos
1592 2023 1699 2077 semper

56 2100 371 2169 demus.Quantiautem
384 2092 849 2166 ieceritGrcgoriumnostrumiiie·
903 2091 1039 2147 exstitisse
1059 2093 1210 2150 contendit.
1237 2094 1335 2150 ierom
1360 2097 1411 2154 etsi
1437 2097 1472 2155 de
1496 2100 1565 2166 regis
1593 2102 1701 2155 nourrius

57 2204 185 2268 rtruymus
200 2192 354 2265 bignonius,
371 2207 402 2246 ex
417 2205 450 2246 eo
469 2187 603 2261 conjicere
622 2189 684 2244 licet
702 2185 774 2258 quod
793 2185 852 2255 ejus
903 2180 1056 2250 disputandi
1071 2181 1176 2239 animus
1191 2197 1244 2240 non
1259 2184 1306 2251 sit,
1323 2201 1376 2240 non
1399 2196 1487 2242 tamen
1510 2191 1597 2243 esmci
1621 2204 1700 2258 posse

57 2284 221 2351 ilistoriasn,
244 2282 364 2338 codicem
385 2280 472 2351 legum
488 2279 672 2349 antiquarum,
689 2286 716 2334 et
732 2274 851 2332 biareniii
902 2272 1019 2328 arbitrer
1033 2285 1066 2330 au
1081 2276 1190 2345 antique
1201 2275 1257 2331 ulie
1267 2288 1453 2346 monumento,
1471 2278 1592 2336 Francos
1604 2297 1699 2338 omnes

56 2377 185 2434 lormuias
196 2372 352 2431 emendatas
365 2380 392 2427 et
404 2370 474 2427 uotis
485 2365 638 2436 exornatas,
651 2381 706 2423 noe
716 2366 852 2422 volumine
902 2372 967 2419 tune
980 2364 1109 2434 temporis
1130 2364 1209 2421 unice
1230 2368 1287 2437 regi
1309 2367 1440 2437 paruisse.
1455 2369 1584 2436 eramsis
1598 2383 1699 2429 certium

57 2466 285 2537 cernprebeusas,
305 2474 429 2534 sanonum
452 2477 534 2517 unum
554 2474 651 2532 corpus
666 2459 744 2530 prisci
765 2456 850 2530 juris,
902 2459 1025 2515 videatur
1040 2458 1167 2516 familiam
1182 2460 1298 2530 utiquam
1313 2462 1384 2519 iuter
1398 2477 1444 2521 eos
1466 2464 1548 2521 inisse
1571 2466 1698 2534 priorem,

56 2561 136 2616 edere
153 2559 329 2622 decreuisset,
350 2563 428 2624 nique
446 2552 480 2610 ob
505 2552 529 2607 id
542 2551 599 2622 jum
622 2549 729 2605 codices
751 2549 852 2617 aliquot
902 2556 930 2603 ut
945 2547 1063 2619 loquitur
1086 2547 1241 2620 Gregorius,
1257 2560 1285 2606 et
1308 2553 1468 2622 renitimur,
1492 2570 1523 2611 er
1541 2572 1591 2626 qrra
1609 2559 1698 2627 populi

56 2652 149 2706 luisset
164 2655 310 2710 mutuatus,
327 2655 355 2700 ιιι
369 2651 481 2700 testator
496 2642 537 2698 uir
550 2641 682 2709 eruditus,
696 2639 739 2710 qni
754 2639 851 2710 praia-
902 2652 1022 2700 rectores
1036 2645 1135 2700 assumi
1149 2654 1355 2714 consueuerant,
1370 2665 1438 2716 riuos
1458 2647 1570 2704 barisani
1586 2650 1699 2718 scripto·

57 2744 155 2797 tionem
170 2739 321 2811 posthumus
337 2736 455 2793 biarenili
471 2733 645 2792 iorrnuiarnm
659 2731 769 2789 editioni
784 2744 851 2802 prm·
902 2747 956 2800 res,
966 2748 1015 2804 pro
1026 2733 1137 2790 aliarum
1152 2742 1270 2807 gentium
1278 2752 1352 2794 moro
1362 2748 1388 2793 et
1403 2753 1452 2795 sue
1464 2740 1590 2810 leerrenii
1603 2744 1696 2808 mode,

57 2834 125 2900 lixit,
140 2833 218 2904 cuins
232 2831 275 2887 iric
290 2829 369 2886 rerba
383 2828 585 2896 descripsimus.
901 2834 1030 2893 repetant
1044 2826 1145 2898 regnier
1159 2828 1344 2898 appellarunt;
1358 2842 1411 2899 qtro
1422 2846 1486 2886 rere
1501 2831 1608 2887 nomine
1630 2835 1699 2901 apud

91 2926 118 2980 5.
140 2925 178 2983 rs
201 2925 271 2981 enim
287 2935 328 2979 est
343 2921 465 2994 Gregorii
485 2919 570 2976 nostri
589 2919 703 2986 inrtuoa,
719 2926 749 2974 ot
767 2933 851 2989 erran·
902 2913 976 2985 ipsos
991 2916 1109 2974 Francos
1123 2917 1289 2986 dicerentur,
1305 2919 1365 2989 quis
1378 2918 1500 2976 divinare
1521 2921 1606 2977 reiitl
1629 2922 1700 2980 inter

56 3017 179 3074 tumbbet
189 3016 289 3072 rustice
301 3027 426 3070 sermone
438 3010 584 3082 scripserit,
600 3008 722 3065 nemode
732 3006 851 3064 Franco·
901 3022 948 3062 eos
966 3012 1054 3062 tamen
1069 3022 1145 3079 reges
1160 3007 1277 3077 aliquem
1299 3008 1383 3066 inisse
1406 3011 1511 3066 caeteris
1531 3014 1704 3082 prustsrutie-'

43 3105 113 3165 'runi
127 3103 204 3180 regni
219 3103 374 3178 primordiis
395 3103 498 3174 absque
517 3103 575 3173 ejus
590 3101 710 3157 subsidio
730 3090 858 3157 scribere¹
902 3112 960 3154 rern
975 3098 1087 3156 iniciari
1102 3099 1196 3167 nolim,
1208 3112 1269 3156 cum
1284 3101 1418 3171 eiusmodi
1433 3102 1516 3159 inisse
1531 3105 1651 3160 rideatur
1663 3122 1698 3161 cs

25 3224 28 3229 ·
56 3199 152 3257 caleat.
169 3198 199 3254 iu
214 3199 265 3254 bec
278 3190 674 3267 qurueuelnndedignus,qued
686 3190 849 3249 Francorum
902 3189 960 3259 ipso
985 3191 1117 3263 Gregorio
1139 3200 1192 3247 riou
1206 3192 1292 3248 solnm
1316 3192 1441 3258 chlodio,
1466 3195 1513 3250 sed
1536 3205 1564 3251 et
1586 3196 1697 3266 ipsemet

56 3290 184 3359 originem
204 3285 284 3343 nuliis
300 3283 396 3340 tabuiis
411 3282 580 3354 resperserit,
594 3279 674 3337 sicuti
695 3280 784 3337 iecere
803 3282 848 3351 qui
862 3273 886 3334 l)
902 3277 1081 3348 Cirtedoreus,
1095 3296 1174 3351 qncm
1192 3283 1304 3352 legimus
1318 3284 1498 3355 complurese
1512 3287 1568 3341 suis
1584 3302 1697 3343 eonsen-

56 3388 147 3451 postea
161 3377 297 3435 subsecuti
309 3384 372 3430 snm
385 3375 508 3430 iiistorie
523 3383 622 3429 nostra*¹
636 3372 792 3442 scriptores.
806 3373 851 3426 b'i·
902 3375 1011 3447 guineis,
1022 3373 1186 3431 Francorum
1209 3390 1285 3447 reges
1308 3376 1442 3445 babuisse,
1459 3393 1527 3449 qrros
1542 3396 1622 3435 unum
1639 3388 1697 3450 pest

56 3470 177 3528 lrilenim
192 3469 271 3524 babet
285 3468 319 3523 rie
333 3464 456 3535 Troianis
476 3462 606 3535 prologis,
621 3477 690 3535 quos
706 3461 746 3518 iiii
765 3462 850 3517 Fran·
901 3467 1016 3524 aiterum
1039 3468 1203 3523 monarchiae
1223 3467 1357 3524 desiderio
1380 3478 1474 3539 captus
1499 3474 1641 3541 oppressit,
1666 3474 1698 3530 t]

56 3577 149 3630 corum
165 3568 288 3631 parentes
299 3554 479 3622 eiilnserunt;
497 3552 563 3609 nibil
582 3552 618 3610 ds
638 3552 699 3608 aliis
717 3551 849 3622 eiusmodi
900 3557 1007 3627 quidem
1022 3573 1083 3614 cunt
1098 3568 1159 3629 pest
1172 3558 1231 3629 ejus
1242 3569 1356 3615 mertem
1374 3559 1421 3615 titii
1435 3562 1518 3630 ipsius
1534 3579 1643 3632 regnum
1659 3568 1697 3619 irt-

56 3655 203 3711 nroniisant
216 3649 431 3719 tabuiis,r1nilrus
443 3638 848 3714 ilistorianostrapostmodum,
901 3653 942 3703 ter
955 3662 985 3704 se
998 3647 1148 3716 diviserint,
1159 3647 1231 3705 bunc
1244 3640 1381 3719 anniquum
1391 3651 1479 3708 -iuisse
1492 3655 1579 3724 gentis
1592 3669 1696 3711 morem

55 3756 141 3801 stante
153 3740 241 3798 adbuc
255 3741 340 3811 prime
354 3755 445 3809 regum
460 3749 613 3794 nestrorum
633 3737 735 3806 stirpe,
752 3734 848 3794 intuta
900 3736 945 3794 ris
961 3737 1100 3808 qrrisquam
1117 3751 1216 3808 negare
1230 3747 1326 3807 potest.

56 3847 113 3904 est,
136 3845 163 3888 nt
187 3842 260 3904 pates
281 3848 313 3886 cs
337 3829 489 3898 Fredegarii
508 3829 653 3894 Girronico,
674 3840 705 3882 ac
727 3828 847 3897 ejrrsdcm
941 3830 969 3886 7.
989 3827 1153 3886 Francorum
1170 3830 1259 3899 itaque
1273 3830 1300 3885 in
1316 3830 1436 3887 ulteriori
1453 3833 1537 3888 libeni
1552 3835 1607 3905 ripa
1619 3836 1697 3892 sedes

56 3927 235 3998 Fragrueutis,
249 3939 308 3992 erra
321 3932 379 3992 prist
395 3923 691 3991 ipsiuscontinuatores
704 3923 846 3980 edidimus.
899 3929 957 3975 erat
970 3936 977 3972 ι
992 3919 1120 3990 sedgens
1139 3918 1266 3975 bellicosa
1288 3928 1315 3976 et
1333 3922 1430 3991 quietis
1445 3922 1587 3990 impatiens
1603 3923 1696 3980 illicne

55 4023 90 4075 at
100 4017 244 4088 Gregorius
254 4016 287 4070 de
297 4013 400 4085 origine
414 4010 577 4068 Francorum
592 4012 721 4082 dicturus,
734 4016 847 4085 primum
899 4026 973 4083 saepe
987 4012 1148 4068 transmisso
1162 4013 1342 4068 liemanornm
1356 4015 1506 4083 provincius
1516 4017 1696 4087 depopulaba-

55 4118 177 4165 aucteres
192 4108 252 4179 ipse
265 4105 417 4175 superiores
430 4104 575 4174 consuluit,
587 4120 700 4174 querrrm
715 4122 775 4163 cnm
796 4117 848 4164 ses·
899 4110 955 4171 tur,
971 4102 1042 4159 urtde
1057 4111 1125 4159 natae
1141 4102 1240 4173 passim
1256 4105 1414 4162 occasiones
1422 4105 1511 4161 multa
1529 4107 1617 4175 prelia
1632 4123 1695 4163 con·

55 4201 165 4258 simonia
180 4198 336 4263 retulisset,
353 4211 434 4263 panca
455 4195 489 4252 de
506 4195 608 4268 iisqne
626 4198 704 4270 ruge
717 4213 748 4255 ea
764 4199 798 4257 dc
818 4213 848 4257 re
899 4195 1019 4265 serendi,
1036 4195 1063 4251 in
1088 4195 1184 4267 qsribus
1204 4195 1301 4254 Franci
1324 4198 1405 4254 mede
1426 4199 1541 4267 repressi
1565 4210 1596 4253 ac
1621 4199 1693 4268 ricti,

54 4289 309 4349 circumerebumur
322 4285 470 4356 subjunxit.
483 4286 549 4341 Tres
568 4289 596 4342 in
616 4287 684 4344 banc
706 4304 762 4343 rem
783 4303 846 4344 auc·
899 4293 980 4347 modo
992 4293 1073 4347 etium
1087 4292 1205 4346 victores
1220 4291 1337 4347 inerunt.
1353 4290 1478 4348 Turbatis
1493 4291 1594 4354 interea
1610 4293 1696 4362 impie·

55 4393 127 4439 teres
140 4380 252 4453 proiert,
264 4379 413 4447 Sulpicium
427 4378 620 4443 Alexandrum,
637 4380 767 4436 lieentum
781 4381 848 4437 Pro·
899 4383 931 4437 rii
947 4382 1027 4439 rebus
1042 4381 1078 4437 eb
1091 4391 1199 4437 exortos
1224 4387 1362 4452 tyrannos,
1384 4391 1495 4452 utruque
1518 4397 1579 4452 pars
1599 4400 1646 4440 ens
1660 4384 1694 4442 ed

54 4478 172 4528 tutorum
189 4468 372 4542 Frigeridum.
396 4476 423 4522 et
445 4468 569 4523 llrusiurn
595 4468 847 4543 historiographum.
898 4472 949 4529 sibi
963 4470 1145 4528 auxiliandum
1158 4470 1308 4526 advocarit.
1323 4469 1378 4526 blec
1400 4470 1445 4525 diu
1468 4473 1538 4527 inter
1558 4473 1694 4532 liomanos

55 4562 222 4619 Postremum
234 4573 313 4613 neme
328 4573 380 4612 nou
396 4557 486 4624 norim
501 4557 555 4614 duo
565 4559 609 4614 alii
621 4560 729 4617 rrorrnisi
739 4577 771 4618 es
783 4562 849 4618 Gre·
900 4561 1021 4628 tuerent,
1034 4562 1098 4633 quin
1114 4576 1147 4619 et
1163 4562 1196 4617 iis
1211 4561 1286 4617 multi
1301 4577 1348 4618 sna
1364 4564 1471 4627 virtute,
1487 4572 1514 4619 et
1527 4565 1607 4620 animi
1621 4581 1693 4635 mag·

53 4653 131 4725 gorio
146 4659 238 4708 suestre
251 4647 306 4704 noti
321 4657 402 4702 sunt:
422 4663 482 4718 noa
501 4663 566 4705 rcro
580 4651 614 4704 ab
629 4649 661 4706 iis
675 4648 709 4705 de
722 4651 848 4710 liomtnis
863 4645 888 4708 b
903 4655 1023 4713 nitudine
1034 4656 1135 4727 primos
1149 4653 1253 4711 militie
1264 4654 1374 4711 lionoris
1384 4654 1492 4725 gradus,
1505 4658 1587 4713 immo
1597 4669 1623 4714 et
1636 4660 1693 4728 ipss

54 4753 208 4810 narramur,
223 4743 259 4797 ita
273 4741 377 4797 crateris
390 4738 510 4799 bistoriae
519 4728 648 4799 nonaria
668 4744 847 4799 monumentis
898 4745 986 4803 ciuilia
1000 4744 1088 4803 eidcia
1101 4744 1260 4802 meruerint.
1278 4746 1311 4803 Et
1324 4742 1431 4817 nitidem
1445 4746 1501 4818 jam
1522 4749 1600 4819 lenge
1613 4762 1691 4808 antea

55 4846 117 4894 sunt
130 4838 259 4901 consona,
275 4844 304 4891 ut
317 4848 365 4889 eos
378 4848 484 4905 unoque
497 4832 531 4891 sie
548 4832 658 4889 Francis
677 4849 738 4891 vera
760 4836 846 4904 scrip·

55 4932 124 4987 sisss
137 4926 180 4984 sis
195 4927 336 5000 pruisquam
351 4925 465 4982 inlleisri
476 4925 573 4996 possit,
587 4927 706 4982 maxime
725 4943 785 4983 curn
808 4929 847 4982 ri-

55 5022 168 5079 deantur
182 5022 251 5077 eirca
265 5018 309 5074 ilia
325 5028 444 5090 tempora
458 5017 591 5075 floruisse.

91 5110 119 5168 6.
139 5112 177 5168 Es
195 5111 301 5165 illerum
322 5124 386 5164 rere
407 5116 546 5164 anctorum
571 5106 732 5163 testimoniis
755 5118 843 5179 patet,

55 5204 174 5262 Francos
189 5204 235 5258 diu
249 5203 276 5258 in
292 5217 323 5258 ea
336 5202 445 5272 regione
459 5201 586 5270 stetisse,
607 5215 666 5270 eum
679 5200 746 5256 ultra
760 5200 847 5258 libeni

56 5297 141 5366 ripam
150 5293 234 5365 posita
246 5303 297 5360 est,
309 5305 388 5363 quarn
400 5290 460 5346 ideo
471 5291 497 5345 io
510 5290 725 5358 Peutingerinnis
738 5293 849 5361 munti,

55 5387 168 5457 aliisquo
182 5384 281 5441 vetoris
294 5380 445 5438 Germanic
462 5379 687 5450 descriptionibus
705 5379 846 5438 Francicus

55 5477 184 5549 appellari
199 5491 253 5533 nen
266 5474 368 5531 dubito.
392 5472 467 5528 lianc
480 5483 553 5528 certe
572 5487 604 5528 co
624 5476 732 5530 nomine
746 5476 846 5533 diserte

56 5562 360 5638 nnueuparitSnipicius
372 5561 523 5617 Alexander
533 5578 548 5617 a
560 5562 690 5634 Gregorio
700 5563 823 5624 laudatus
837 5586 843 5622 :

55 5672 87 5713 es
101 5673 155 5726 oon
168 5657 247 5712 etism
263 5652 410 5722 colligimus
425 5651 618 5721 Ampsirerins,
634 5653 752 5723 Gitanas,
766 5644 846 5714 uruc-

55 5759 132 5807 teros
143 5755 172 5802 es
193 5744 342 5800 Gbsmnres
360 5743 482 5799 Francia
497 5745 588 5813 gentis
610 5743 733 5800 surculos
750 5745 844 5802 inisse.

51 5840 159 5912 osipus
172 5852 232 5896 cum
246 5837 408 5912 arbogastes
420 5829 534 5898 Romani
554 5836 660 5913 imperii
679 5841 845 5912 majestatem

898 4836 998 4894 imdcra
1014 4833 1129 4902 inierant
1150 4835 1263 4892 Romani
1277 4851 1338 4891 cnm
1356 4837 1484 4902 Francis,
1504 4854 1563 4909 qua
1586 4842 1692 4898 nonnisi

897 4926 1236 4996 renoraniuisseEugcnii
1249 4929 1692 4998 temporibnschnipiciialexan·

897 5018 939 5075 drr
953 5017 1043 5076 uerbis
1060 5025 1174 5075 testatur
1193 5017 1346 5090 Gregorius.
1367 5018 1422 5076 Nee
1441 5022 1584 5087 immerito,
1603 5024 1626 5079 si
1647 5039 1692 5081 re·

897 5128 956 5167 rum
971 5111 1006 5167 sit
1019 5111 1090 5180 guod
1105 5111 1299 5167 Gettstantinns
1315 5111 1559 5184 l‘nrpbyregcnitus
1572 5114 1689 5184 impera·

898 5214 940 5261 tor
953 5205 986 5260 ad
1002 5204 1150 5260 liemannm
1172 5204 1254 5261 iulium
1275 5220 1353 5260 suum
1370 5203 1478 5270 scribit,
1498 5204 1600 5263 scilieet
1619 5205 1690 5264 Gon·

897 5294 1008 5351 stantini
1023 5294 1109 5365 blsgrn
1129 5295 1239 5351 decreto
1253 5296 1384 5350 sancitum
1399 5292 1490 5360 inisse,
1509 5311 1543 5361 ne
1564 5298 1687 5370 ilomani,

897 5386 1016 5458 erceptls
1028 5387 1093 5443 solis
1107 5386 1227 5453 Francis,
1243 5400 1303 5441 cnm
1325 5385 1447 5442 tauhun
1468 5402 1584 5458 nusquam
1603 5391 1690 5447 natiu-

898 5480 975 5536 nibus
988 5477 1075 5534 ioedus
1089 5475 1196 5532 inirent.
1214 5477 1276 5532 ilaec
1290 5475 1387 5548 quippe
1407 5476 1463 5533 sola
1483 5483 1541 5535 erat
1564 5482 1688 5539 uincendi

898 5567 1109 5634 Francosrasio,
1134 5567 1155 5620 si
1182 5565 1326 5622 ioederibus
1342 5567 1425 5634 initis,
1451 5578 1496 5624 aut
1520 5570 1574 5626 elio
1595 5572 1688 5642 grieria

898 5657 978 5713 mode
991 5671 1005 5711 a
1020 5654 1106 5710 soliti-
1129 5654 1338 5724 praedationibus
1358 5656 1494 5714 abstinere
1517 5673 1685 5731 cogerentur.

900 5746 973 5804 Unde
985 5744 1113 5802 Libonius
1125 5745 1151 5800 io
1162 5745 1325 5818 Panegyrico
1338 5745 1494 5804 Constantio
1509 5758 1536 5805 et
1547 5749 1687 5809 Gonsssnti

883 5837 1104 5912 -iurperatoribus
1114 5837 1198 5910 dete,
1212 5837 1256 5897 bis
1265 5838 1431 5912 principibus
1441 5839 1592 5911 gratulatur
1602 5843 1637 5900 ub
1649 5843 1695 5915 ju-
