3736 6248
115 319 167 377 ιω
626 305 657 363 s.
675 299 840 362 dimouit
857 298 1011 354 uutscom
1030 299 1248 355 runnxeusts
1694 309 1745 363 tun

114 441 195 488 ,ηις
216 435 307 483 autem
321 423 406 487 lame,
427 434 489 476 conr
501 415 703 474 descendissent
718 415 746 470 bi
760 416 787 468 in
802 412 903 483 enyp·
916 409 944 469 Δ
956 424 1010 479 quo
1023 413 1137 465 transitu
1146 412 1240 475 nauita,
1255 421 1284 465 ut
1296 411 1362 477 diri,
1377 421 1540 469 narramur:
1554 414 1603 470 sed
1613 429 1664 471 nos
1674 417 1750 486 nutrd

115 536 186 587 mm,
201 518 300 585 comiti
324 524 385 571 sunt
407 512 550 581 alosepb,
564 525 615 563 nec
628 521 717 563 tamen
733 507 784 573 ipsi
805 503 905 572 Joscplt
956 503 1159 570 rapientibus,
1174 511 1204 558 et
1215 513 1290 559 certe
1303 503 1356 560 illis
1370 504 1534 570 bominibus,
1546 507 1592 570 nui
1606 507 1634 563 in
1648 509 1751 564 eodem

113 616 305 682 mcnorannt
323 605 383 676 lpse
399 615 487 658 umen
506 617 537 657 se
550 602 592 657 laia
617 608 677 669 pnst
694 600 793 653 multas
811 611 905 653 eorum
956 593 1216 661 Ιοιοιιιιιιιιιιι,
1239 611 1331 652 rerum
1350 599 1548 668 cognorimus,
1570 612 1603 654 ea
1627 600 1754 688 inserere

30 698 41 711 '
113 701 299 772 caligationes,
319 707 347 753 et
369 695 486 750 adducto
510 692 665 761 Beniamin,
684 689 831 743 declararit
848 704 855 739 ι
872 685 907 740 de
960 684 1111 740 studui-us
1138 688 1252 754 pagine.
1268 686 1350 741 diunt
1371 687 1445 741 enim
1458 688 1565 753 sulcos,
1590 703 1660 759 quor
1681 698 1752 744 rote

114 791 213 849 ιιιιιιιΙ
226 790 297 844 enim
312 796 457 842 matresua
473 793 552 839 nattis
564 792 592 836 et
604 781 648 835 bic
661 780 758 834 luerat.
771 776 836 832 Post
849 775 907 829 bae
955 787 1083 829 cunnum
1098 777 1232 843 teneram,
1247 790 1333 843 usnue
1347 776 1427 832 bodie
1442 792 1611 847 permanere,
1623 789 1651 834 et
1664 793 1752 848 noan·

115 881 279 940 ιαιιιάιιι
292 877 384 933 cuncti
398 875 525 930 israelitae
540 874 568 929 in
590 872 745 942 AEgyptum,
761 880 788 925 et
803 867 907 936 perlo-
956 873 1011 918 tum
1024 869 1096 919 acies
1110 865 1248 920 oculorum
1259 866 1350 923 ridere
1362 876 1461 936 potest,
1476 868 1503 922 io
1519 869 1750 938 protundoeernt.

113 974 181 1041 κρι
207 971 354 1027 pharaonis
372 967 456 1038 gratia
479 973 600 1019 utuntur.
624 963 708 1019 iacob
732 972 821 1017 autern
845 969 907 1029 pust
955 955 1029 1021 uum
1051 956 1075 1011 si
1101 956 1236 1011 nmirum
1258 961 1404 1013 commotio
1425 962 1508 1014 maris
1529 961 1678 1027 obtexerit,
1703 962 1753 1017 illo

115 1063 272 1120 benedictos
296 1060 366 1115 ilios
378 1072 443 1114 suos
456 1060 483 1111 ln
496 1057 615 1127 AErppto
628 1055 760 1118 moritur,
772 1061 799 1107 et
821 1052 848 1106 in
863 1065 907 1106 se·
955 1047 1124 1114 quiescente,
1139 1062 1245 1103 rursum
1259 1048 1388 1104 divinitus
1401 1058 1564 1105 renovantur
1580 1061 1609 1106 ιι
1631 1052 1749 1107 lucrant.

114 1153 235 1222 pulcro·
252 1151 389 1221 patrissui
406 1149 478 1202 lsaae
491 1147 621 1215 sepelitur
633 1146 660 1200 in
676 1154 747 1199 terra
767 1142 905 1199 chanaan.
958 1137 1053 1195 ilicum
1075 1139 1133 1206 alii,
1147 1142 1220 1210 qood
1241 1139 1275 1195 sd
1287 1141 1372 1211 ipsam
1386 1143 1483 1212 riparn,
1499 1143 1568 1199 lacto
1583 1146 1689 1200 modico
1702 1159 1752 1215 per

116 1243 220 1299 llortuo
242 1253 332 1296 autern
346 1240 446 1306 loseph
461 1249 542 1307 atque
556 1238 696 1293 Pharaone
708 1235 743 1300 b,
765 1235 907 1306 subjicitur
956 1244 1030 1284 mare
1043 1229 1178 1297 circuitu,
1205 1230 1277 1286 unde
1301 1233 1414 1302 ingres-i
1430 1232 1552 1296 luemnt.
1566 1236 1621 1290 sint
1635 1237 1750 1293 reuersi.

115 1305 212 1388 cerreta
224 1330 362 1402 generatio
376 1330 509 1394 seruituti,
524 1344 584 1398 quar
599 1343 646 1396 per
659 1328 768 1397 llopsen
782 1337 841 1395 post
859 1325 907 1382 de-
956 1319 1009 1373 Alii
1022 1333 1087 1374 reru
1100 1329 1242 1386 asserunt,
1268 1337 1350 1376 unum
1365 1324 1469 1376 conctis
1492 1325 1641 1393 ingressum
1657 1340 1666 1378 t
1683 1340 1752 1381 nott·

115 1439 174 1479 cern
190 1424 281 1491 plagas
295 1419 404 1491 AEgypti
422 1419 560 1484 liberatur,
576 1416 701 1473 demerso
715 1415 855 1472 l'baraonc
878 1415 906 1470 iu
956 1408 1034 1475 nolli,
1049 1410 1190 1482 unicuique
1204 1411 1284 1466 tribui
1295 1426 1370 1467 suam
1386 1415 1504 1478 patuisse
1517 1415 1604 1486 riarn,
1620 1414 1686 1470 illud
1708 1426 1753 1471 te·

115 1514 184 1571 wi
205 1513 306 1569 Rubro,
957 1503 1110 1558 stimonium
1122 1504 1434 1562 Psalteriiaddoecntcr·
1444 1522 1452 1561 :
1464 1507 1515 1574 Qui
1524 1507 1609 1562 dicirit
1619 1525 1689 1562 more
1698 1508 1752 1562 lirr-

152 1605 189 1660 X.
205 1603 240 1659 lit
251 1603 378 1674 quoniam
389 1601 423 1657 de
437 1600 489 1657 boc
501 1600 584 1655 maria
596 1599 709 1654 transitu
722 1598 813 1668 plures
825 1597 907 1652 multe
958 1597 1032 1650 ιιιιιι
1052 1597 1080 1651 in
1098 1597 1234 1653 diciriones
1254 1597 1340 1666 (Pul.
1359 1614 1461 1666 ιιιιι,
1481 1600 1535 1671 ta),
1552 1601 1679 1672 uenas
1699 1619 1752 1658 noa

115 1696 252 1760 direrunt,
267 1695 353 1749 risum
366 1702 419 1759 est,
434 1701 465 1747 ut
477 1693 513 1748 de
526 1692 580 1746 situ
594 1692 645 1747 loci
660 1691 745 1756 illios,
767 1689 808 1744 rel
824 1689 907 1758 ipsius
957 1686 1103 1744 divisiones
1113 1689 1282 1758 spiritaliter,
1296 1698 1325 1745 ιι
1347 1689 1559 1747 nonsummum
1574 1692 1690 1748 litteram
1705 1694 1752 1749 in-

115 1787 245 1854 transitu,
267 1784 356 1854 aliqua
382 1785 443 1839 lruie
469 1784 587 1838 inrorato
610 1782 730 1837 lectioni.
756 1780 831 1836 Nitor
856 1795 905 1849 per
922 1748 1207 1852 ffretttgereopnrtet.
1222 1781 1291 1838 Sunt
1304 1785 1374 1838 enim
1389 1791 1418 1839 ιι
1439 1784 1466 1838 in
1488 1784 1540 1840 boc
1552 1786 1662 1852 ιιιιιΙο,
1677 1785 1751 1855 nuod

115 1883 274 1953 AEpyptum,
286 1881 356 1934 siout
368 1877 468 1946 optime
483 1877 579 1946 nortis,
593 1875 723 1939 decurrit,
735 1883 763 1929 et
777 1876 836 1940 ipse
847 1888 907 1929 eam
959 1871 1104 1942 figuraliter
1117 1887 1190 1926 mare
1208 1872 1317 1940 dicitur,
1331 1874 1421 1930 multae
1433 1874 1599 1932 divisiones:
1612 1877 1751 1933 nonenim

115 1976 218 2044 impetu
238 1986 287 2028 ruo
301 1971 412 2041 irrigat:
426 1969 535 2026 undeet
551 1967 671 2038 AEpyptii
686 1965 805 2022 Nilicolas
818 1965 908 2036 appel·
959 1964 1097 2032 entialiter
1118 1976 1250 2034 possunt,
1275 1975 1321 2022 aut
1348 1983 1395 2034 per
1418 1983 1497 2023 unam
1515 1967 1584 2023 riam
1609 1952 1643 2024 ad
1665 1970 1752 2049 uitam

115 2063 215 2119 lentur.
228 2058 311 2131 Cujus
324 2074 394 2114 nurrc
417 2059 505 2112 littora
527 2058 603 2112 multi
620 2056 740 2110 locorum
761 2055 909 2124 perlustra·
958 2056 1048 2111 cunuti
1068 2055 1194 2111 transire.
1214 2057 1266 2111 Atti
1281 2067 1369 2113 antero
1384 2068 1523 2115 transeunt
1540 2060 1566 2115 in
1582 2060 1675 2118 borani
1695 2061 1753 2131 pri·

115 2165 199 2217 toret,
215 2151 313 2208 referta
328 2151 412 2206 saeris
433 2147 606 2202 monasteriis
627 2146 722 2200 dieunt
735 2159 806 2200 esse.
822 2143 910 2212 Super
959 2162 1030 2202 nram
1043 2162 1051 2203 :
1064 2147 1091 2201 id
1106 2157 1147 2203 est
1160 2149 1205 2215 noi
1220 2151 1306 2204 renati
1326 2166 1374 2221 per
1392 2152 1561 2220 baptismum,
1585 2154 1753 2213 immaculati

116 2247 203 2315 ripam
217 2256 282 2298 rero
295 2242 356 2309 ejus
378 2254 432 2295 non
455 2238 616 2310 Babylonia,
641 2237 676 2294 de
690 2251 743 2308 qua
757 2250 839 2305 supra
853 2250 910 2290 nto·
960 2239 995 2294 ab
1014 2238 1087 2294 omni
1112 2239 1315 2310 inquinamento
1336 2245 1426 2300 earnis
1442 2237 1586 2314 perdurare
1609 2260 1695 2317 usque
1717 2247 1752 2302 ad

117 2336 260 2399 minimus,
285 2332 333 2388 sed
355 2330 500 2403 utrumn
515 2329 711 2385 alteraciritas
725 2337 737 2366 r
753 2327 909 2393 collocatur,
960 2328 1023 2383 ritae
1044 2331 1184 2399 presentis
1202 2333 1302 2387 exitum
1320 2344 1443 2402 possunt.
1466 2335 1518 2390 stit
1532 2336 1565 2392 ad
1580 2334 1674 2392 borant
1697 2347 1753 2393 tor-

120 2430 149 2487 tu
162 2442 213 2499 qm
235 2425 335 2495 ioseph
350 2426 444 2479 borrm
459 2423 527 2479 miro
541 2437 622 2494 opere
643 2423 678 2478 de
692 2420 825 2491 lapidibus
845 2434 912 2490 qna·
962 2416 1043 2483 tiam,
1061 2418 1185 2474 videlieet
1197 2420 1242 2490 qul
1266 2422 1361 2491 majori
1386 2431 1465 2479 atate
1479 2435 1681 2481 convertuntur.
1698 2426 1752 2482 elit

117 2520 175 2576 dris
190 2529 218 2574 et
231 2526 364 2572 ammento
376 2515 541 2570 edificavit:
558 2515 594 2569 ita
609 2523 639 2570 ut
652 2513 685 2569 ad
706 2512 816 2569 lundum
831 2527 911 2582 capa·
962 2510 997 2584 ad
1017 2522 1133 2578 sextam,
1154 2512 1199 2582 qui
1213 2513 1325 2568 luxuriae
1339 2514 1473 2571 fervorem
1498 2525 1642 2573 coercent:
1657 2527 1684 2572 et
1704 2528 1754 2588 per

117 2611 209 2675 ciora,
222 2609 256 2662 ad
270 2622 403 2662 summurn
418 2605 637 2662 aeroooustricta
654 2605 704 2676 13
721 2604 794 2670 sint',
815 2613 843 2659 ut
865 2618 912 2673 per
961 2601 1012 2658 bas
1033 2619 1152 2674 quamue
1173 2604 1273 2674 boras,
1296 2607 1365 2661 sicut
1390 2598 1559 2678 ll'ranpellsta
1577 2608 1683 2681 (llnttl.
1701 2613 1753 2680 nl

118 2700 257 2770 parvulum
279 2699 400 2753 lorameu
422 2696 521 2752 ibidem
537 2697 652 2750 triticum
674 2696 831 2764 jaceretur,
851 2709 912 2764 quae
962 2703 1164 2760 commemorat,
1179 2695 1212 2750 ad
1224 2711 1334 2766 operam
1348 2697 1490 2754 dominice
1502 2699 1590 2754 uineae
1602 2701 1753 2757 secundum

118 2791 214 2848 horrea
229 2804 313 2859 usquc
336 2786 418 2843 bodie
439 2796 596 2842 cernuntur.
613 2785 651 2841 De
670 2784 721 2841 bae
742 2786 912 2842 civitatores
962 2784 1042 2841 ddetu
1063 2787 1199 2856 propriam
1222 2788 1417 2843 conducuntur.
1430 2788 1491 2845 lle
1511 2790 1754 2862 suutdtutstones,

118 2881 152 2937 ad
176 2879 390 2952 persequendum
417 2877 565 2943 Hebraeos,
588 2892 649 2931 curn
664 2876 826 2932 exercitibus
850 2891 912 2930 cur·
961 2877 1058 2948 quibus
1082 2893 1130 2947 per
1150 2878 1201 2934 boc
1217 2881 1451 2951 maretransitnr.
1467 2881 1696 2952 ttius-veroquid
1719 2884 1754 2940 ad

118 2988 208 3038 tuum,
223 2970 352 3026 aemulta
365 2967 480 3039 pedestri
495 2982 575 3023 manu
589 2967 707 3022 directus
720 2975 771 3022 est.
788 2969 859 3022 Ante
872 2966 912 3020 di·
963 2982 1037 3024 mare
1051 2955 1137 3038 usque
1157 2969 1314 3036 venientes,
1335 2969 1409 3026 littus
1423 2972 1509 3042 stagni
1522 2980 1643 3055 tancmer
1662 2989 1754 3032 ιιιιι-

120 3074 180 3120 ιιιι
194 3077 258 3118 rero
273 3062 370 3116 durius
384 3062 418 3116 ab
434 3060 544 3115 Oriente
566 3061 690 3125 ueniens,
707 3059 739 3115 ad
757 3059 911 3114 occidenta·
964 3067 1071 3127 tontur,
1096 3059 1161 3114 illud
1183 3071 1225 3115 est
1243 3060 1315 3130 quod
1336 3062 1464 3118 Dominus
1478 3063 1510 3119 ad
1532 3064 1641 3137 llopscu
1663 3066 1753 3123 dixit:

119 3156 170 3211 lem
184 3154 287 3224 plagam
298 3166 391 3208 retent
403 3150 521 3207 Rubrum
533 3166 607 3206 mare
618 3151 688 3205 ratlit
704 3130 950 3207 salsberidentess
968 3151 1071 3205 lleonri
1084 3161 1169 3206 ιιιιιι
1181 3160 1333 3206 ιιιιιιιιιι
1347 3154 1450 3223 repione
1469 3152 1706 3224 Putationem
1717 3167 1754 3213 rit

119 3260 183 3300 reto
198 3254 321 3314 stagnum
343 3243 400 3298 aire
414 3241 553 3296 brachium
568 3241 603 3297 de
618 3241 684 3295 mari
698 3239 789 3296 Rubro
803 3256 914 3312 propre·
966 3242 1033 3294 inter
1047 3239 1196 3313 llopdolanr
1206 3253 1230 3294 et
1241 3257 1311 3297 neore
1320 3253 1409 3297 eorrtro
1421 3242 1574 3314 beelsephon
1585 3243 1682 3317 (uma.
1695 3262 1752 3315 ιιι,

119 3335 208 3402 ditur,
231 3343 259 3391 et
282 3334 355 3390 radit
378 3343 472 3390 contra
485 3333 640 3399 Orientem,
668 3332 770 3389 babens
791 3332 817 3387 in
833 3333 914 3404 longo
965 3331 1005 3402 2).
1020 3331 1074 3386 Νιι
1086 3333 1156 3388 enirn
1170 3331 1280 3387 dulium
1294 3344 1345 3397 est,
1362 3332 1433 3403 quod
1453 3335 1581 3390 transitus
1594 3335 1641 3392 ille
1658 3335 1753 3407 ureris,

119 3428 205 3484 millia
217 3426 324 3481 circiter
337 3424 543 3494 quinquennum
557 3423 582 3476 io
596 3423 649 3477 lato
661 3433 764 3490 autem,
778 3422 871 3478 decem
887 3434 915 3483 et
964 3420 1007 3477 rel
1031 3421 1154 3477 columns
1179 3424 1257 3478 nuliis
1277 3433 1367 3495 typum
1388 3425 1521 3495 gesserint
1543 3426 1627 3482 nostri
1651 3428 1755 3498 baptis·

122 3527 194 3575 uelo.
213 3518 240 3572 ln
254 3517 333 3586 buius
352 3517 439 3583 stagni
458 3517 545 3581 eapite
565 3513 673 3586 Clysma
692 3512 816 3570 ιίιίιιι*1
830 3514 914 3569 aedill·
965 3513 1055 3581 matis,
1070 3513 1176 3569 dicente
1190 3516 1268 3569 beato
1288 3514 1372 3570 Paulo
1384 3515 1505 3584 apostolo
1516 3531 1524 3569 ι
1536 3514 1606 3572 Nolo
1620 3532 1664 3571 noa
1677 3519 1756 3589 ipae·

122 3617 181 3663 cata
195 3615 247 3671 est,
265 3619 318 3660 non
333 3614 443 3672 propter
457 3603 621 3658 fertilitatem
645 3603 706 3670 loci,
724 3618 784 3658 curn
799 3604 865 3659 nibil
879 3605 915 3660 rit
964 3621 1033 3669 rnre,
1056 3609 1166 3674 fratrer,
1186 3607 1246 3678 quio
1261 3616 1347 3677 petrea
1361 3607 1442 3662 nostri
1452 3622 1539 3663 ornnes
1560 3609 1606 3662 atri
1618 3608 1685 3664 nube
1697 3608 1755 3678 [tre-

124 3700 184 3770 plus
199 3698 306 3762 sterile,
321 3694 368 3752 sed
382 3705 491 3765 propter
506 3707 610 3764 portum
628 3713 634 3748 ι
649 3697 711 3766 quia
724 3711 806 3752 naves
820 3700 855 3752 ab
869 3698 914 3752 lu·
964 3706 1036 3761 rant,
1048 3707 1071 3751 et
1084 3714 1170 3754 omnes
1191 3699 1218 3753 iri
1235 3697 1340 3769 Moysen
1355 3699 1477 3766 baptisati
1489 3707 1548 3753 runt
1559 3699 1587 3752 in
1601 3700 1667 3753 nube
1686 3710 1711 3754 et
1726 3700 1754 3754 ts

121 3790 173 3846 dils
184 3791 332 3854 aculeatus,
346 3788 443 3843 ibidem
455 3787 489 3841 ob
500 3796 594 3855 portus
604 3788 829 3856 opportunitatem
839 3789 915 3858 truie·
965 3791 1030 3844 mori
1046 3789 1072 3861 (l
1087 3789 1147 3844 Cor.
1171 3806 1203 3856 ι,
1225 3791 1251 3855 l,
1267 3790 1307 3858 Ξ).
1326 3788 1454 3845 Columna
1481 3804 1545 3847 reru
1571 3789 1638 3861 iguis
1659 3799 1755 3862 typum

120 3889 216 3946 ιιιιιιι;
237 3878 273 3935 ibi
296 3887 459 3946 comparatae
481 3891 585 3932 meroes
608 3893 656 3945 per
670 3886 753 3934 totam
768 3879 913 3952 AEgyptum
965 3883 1050 3938 sancti
1070 3882 1187 3952 Spiritus
1203 3881 1328 3950 pretulit.
1470 3946 1476 3955 Ι

119 3971 306 4040 deportantur.
321 3968 362 4023 nd
378 3967 429 4021 bne
441 3978 564 4040 stagnum
581 3982 630 4035 per
643 3965 781 4023 desertum
805 3969 914 4024 llebrei
1002 3974 1173 4029 lnadritate
1186 3989 1250 4044 ergo
1265 3972 1380 4029 Abrahae
1392 3987 1477 4043 usque
1490 3973 1524 4029 ad
1533 3987 1669 4044 egressum
1687 3973 1757 4030 utto·

119 4061 270 4127 tendentes,
292 4073 376 4129 usque
400 4057 433 4113 ad
450 4057 536 4125 ipsum
552 4070 625 4112 mare
643 4068 791 4127 renerent,
816 4058 913 4115 inren·
965 4078 1024 4118 rum
1040 4063 1119 4119 lsrael
1134 4079 1169 4119 ιι
1191 4063 1316 4134 AEgypto,
1344 4063 1385 4118 rel
1401 4062 1540 4119 transitum
1555 4062 1635 4118 tnaris
1649 4063 1755 4133 llulrri,

118 4155 206 4225 risque
219 4151 342 4210 dulcibus
356 4152 433 4222 aquis
447 4161 535 4205 castra
551 4149 643 4205 metati
657 4160 729 4205 tunt.
744 4151 772 4206 ln
789 4151 839 4208 Ιιοι
849 4167 914 4223 ergo
964 4154 1010 4225 qui
1025 4153 1074 4210 luit
1094 4155 1179 4226 lloysi
1198 4155 1377 4226 octogesimus
1391 4169 1487 4224 annus,
1502 4164 1678 4227 supputantur
1691 4156 1757 4214 suut

119 4255 197 4299 arcto
210 4245 286 4309 loco,
311 4254 364 4298 tam
378 4241 412 4297 alr
426 4255 519 4297 eremo
533 4255 613 4309 quam
625 4241 660 4295 ab
675 4241 733 4308 ipso
747 4242 829 4309 mari,
849 4256 915 4297 con·
965 4261 1079 4300 rrurnero
1092 4245 1156 4300 tui.

119 4336 259 4401 sederunt,
274 4336 343 4390 sieut
363 4334 492 4402 seriptum
508 4341 550 4388 est
563 4349 570 4388 ι
583 4334 695 4388 Audiens
714 4333 830 4399 Plorno,
844 4335 913 4404 qood
1001 4336 1048 4392 ltt.
1063 4336 1164 4392 Exinde
1186 4351 1233 4407 per
1251 4336 1422 4406 quadraginti
1433 4351 1517 4391 antuus
1529 4335 1757 4392 tinetitueremo

119 4426 281 4480 conclusisset
296 4441 338 4478 eor
353 4439 423 4476 more
437 4433 514 4492 otene
537 4426 673 4488 desertum,
688 4442 733 4479 nec
747 4434 811 4480 erret
824 4425 861 4480 eir
874 4426 913 4480 oio
966 4440 1087 4496 utuntur,
1103 4431 1257 4485 imbuuntur
1278 4429 1380 4500 legibus
1391 4426 1406 4495 ;“
1417 4428 1572 4498 probantur,
1587 4426 1758 4499 rictibusque

119 4528 171 4580 qen
196 4519 297 4579 possunt
322 4527 446 4582 ponere,
471 4512 505 4564 od
528 4514 731 4583 persequendum
756 4530 799 4570 eor
822 4516 915 4570 direxit
928 4505 956 4566 D
969 4526 1112 4589 pascuntur
1125 4519 1262 4588 augminis.
1288 4519 1419 4590 Deinceps
1439 4519 1509 4575 enim
1535 4526 1595 4588 post
1616 4526 1757 4590 acceptam

119 4600 220 4670 (and.
237 4617 291 4669 ιιι,
305 4603 344 4672 ll.
359 4603 478 4672 Cumque
491 4601 699 4660 imminentibus
715 4606 757 4662 bis
771 4607 855 4679 lloysi
869 4622 917 4674 po·
967 4610 1076 4680 legem,
1094 4618 1315 4680 transgressoque
1325 4625 1385 4665 euru
1399 4611 1462 4678 lesu
1478 4609 1756 4681 diocletianeam

123 4693 202 4765 pulos
215 4693 401 4760 acclamasset,
414 4694 562 4750 secundum
573 4700 677 4764 jussum
692 4700 843 4757 uirtnitatts
855 4715 916 4771 pro-
967 4718 1025 4760 ram
1044 4703 1260 4774 repromissionis
1275 4704 1418 4773 accipiunt.

118 4786 187 4858 lecta
211 4786 284 4855 uirga
310 4798 391 4854 super
414 4799 506 4851 mare,
521 4784 637 4843 divisum
659 4797 717 4856 est;
740 4789 848 4861 illisque
867 4805 914 4860 per
1003 4794 1059 4850 llll.
1080 4794 1143 4849 Post
1162 4797 1238 4864 curlus
1256 4796 1409 4859 transitum,
1424 4795 1487 4849 dium
1513 4804 1645 4866 precepta
1667 4796 1754 4856 diviua

118 4877 192 4933 elect
202 4875 398 4947 petientibus,
411 4888 450 4942 ιι,
468 4886 498 4933 ιι
512 4878 648 4948 scriptura
663 4881 698 4935 ait
712 4897 720 4936 ι
734 4881 811 4937 liure
830 4899 913 4952 ιιιι-
967 4894 1142 4956 postponunt,
1163 4901 1234 4956 saepe
1256 4887 1282 4941 in
1303 4884 1510 4958 alienigenarum
1532 4888 1640 4942 seruitio
1661 4889 1753 4960 sulio·

119 4983 177 5025 rum
190 4968 303 5038 undiquc
328 4969 418 5023 oolleti
434 4966 532 5040 (Enod.
550 4986 605 5039 ιιι,
619 4971 684 5041 22),
707 4974 733 5028 itt
747 4974 821 5030 littus
835 4974 911 5042 illud,
965 4990 1073 5049 gantur.
1098 4978 1149 5034 Sed
1176 4992 1236 5034 cum
1251 4979 1375 5036 conuersi
1401 4979 1595 5050 ingemiscunt,
1622 4981 1752 5039 tribuente

118 5057 190 5129 qmrd
212 5065 254 5113 est
274 5068 369 5114 contra
383 5070 501 5116 montem
516 5061 607 5132 Syna,
627 5063 703 5118 illesi
717 5079 839 5133 prorsus,
863 5065 912 5122 de·
965 5072 1090 5141 Domino,
1109 5087 1157 5142 per
1177 5072 1295 5127 uirorum
1317 5071 1425 5126 lortium
1440 5071 1576 5127 braelrium
1596 5070 1752 5131 liberantur.

119 5148 218 5206 mersit
239 5148 388 5222 AEppptiis,
404 5151 495 5223 lloyse
517 5152 586 5210 duce
610 5156 852 5228 transgrediuntur.
874 5156 913 5214 lle
965 5163 1087 5220 Pentheo
1109 5178 1156 5234 per
1169 5161 1330 5232 Samuelem,
1345 5163 1526 5233 regem,aiout
1541 5161 1751 5234 reliquaspeute

155 5280 257 5337 *diod
272 5281 377 5353 uren..
392 5285 419 5338 in
428 5287 550 5367 sepulcro
570 5305 618 5345 ιιι
631 5308 648 5347 ι
661 5291 770 5362 loseph.
794 5293 911 5366 Utraque
1003 5297 1017 5335 ἅ
1036 5296 1112 5363 Apud
1135 5296 1307 5352 Ptolemaeum
1327 5296 1477 5366 praesidium
1496 5304 1540 5353 est
1559 5297 1587 5353 in
1606 5313 1670 5356 ιιιιι
1691 5300 1751 5358 dra

117 5353 274 5443 leotio'rera
288 5368 322 5406 ιι
339 5351 449 5408 Genesi.
965 5368 1026 5423 bico
1048 5368 1139 5421 situum.
1164 5368 1281 5422 bisinum
1297 5380 1357 5424 esse
1378 5365 1505 5423 Antonini
1526 5377 1601 5438 putat
1621 5369 1751 5428 simtuu

155 5420 169 5462 ὓ
190 5422 258 5481 (od.
274 5421 380 5493 licem„
396 5421 563 5482 nPltnroorte
583 5429 733 5503 subjicitur,
757 5448 817 5502 quae
829 5434 910 5490 etlam
965 5438 1034 5507 apud
1050 5436 1189 5491 ortelium.

118 5493 199 5550 leetlo
215 5507 279 5549 reta
296 5503 348 5575 est.
396 5565 402 5578 ι
1001 5516 1013 5546 ·
1035 5506 1125 5562 Codes
1136 5505 1238 5561 Turno.
1252 5506 1321 5576 apud
1336 5507 1474 5561 lloreliutn
1487 5506 1567 5565 babet
1580 5508 1752 5566 tentemini

157 5571 170 5601 ⁶
189 5565 252 5620 llec
263 5562 344 5618 botre
355 5564 463 5646 carrum
474 5578 507 5639 ap
527 5569 631 5636 ellstur,
646 5571 711 5626 urbs
722 5571 830 5644 AEgppti
843 5589 912 5641 pre·
964 5577 1078 5645 prnlteii
1092 5578 1234 5639 abutentes,
1247 5587 1372 5646 qrrsrturn
1389 5576 1502 5633 fortusse
1513 5593 1667 5648 casurupro
1680 5591 1752 5641 scau

121 5628 198 5694 ellus
212 5634 245 5686 tt!
268 5632 356 5715 Nilum
378 5634 584 5719 ssuutumolim
608 5642 776 5698 sultauorum
800 5643 911 5716 Aigypti
963 5645 1104 5701 adtribeus.
1127 5647 1237 5701 Videtur
1249 5648 1347 5717 quiippe
1361 5647 1507 5719 Gregorius
1528 5663 1621 5704 ιιιιι
1642 5660 1752 5710 uultu·

121 5698 211 5766 roden
232 5702 314 5760 boire
325 5703 420 5761 Τιιιιι
438 5705 552 5762 subdito.
965 5715 1027 5771 tiam
1039 5718 1073 5772 de
1088 5728 1139 5786 ιιι
1155 5715 1198 5772 iric
1219 5717 1345 5787 loquitur,
1362 5734 1414 5773 uon
1436 5718 1594 5786 approbare.
