3736 6248
225 274 278 334 ms
524 259 978 369 rusoccimiscnoitsntt
1003 263 1568 346 percucurrimestsumnri.
1808 281 1857 342 sii

225 394 287 470 llll.
310 387 479 462 Equlttnia]
504 389 639 460 prcrineia
663 386 778 443 nimium
797 374 924 451 'ramim
950 394 1011 436 cuin
1026 377 1051 440 tl
1065 378 1161 441 iarlum
1175 387 1216 444 ire
1226 389 1382 447 destinarit.
1399 390 1632 464 liertradaregina
1644 393 1802 452 Aurelianis
1813 411 1856 453 re·

224 484 306 540 inulta
323 481 413 552 prada
425 495 458 538 ac
471 481 581 551 spoliis,
605 495 653 551 per
666 493 762 551 pagum
775 473 973 547 Petregoricttm
987 479 1016 528 et
1067 476 1163 545 niens,
1179 489 1207 534 ιι
1218 479 1281 537 iude
1291 482 1377 538 nauali
1392 484 1533 540 evectione
1545 497 1594 554 per
1613 483 1737 556 ligarent
1749 485 1855 543 neuun

224 575 476 649 Eqiiclismam,jam
492 590 560 646 pene
570 574 644 629 omni
659 567 1014 643 aquitantancquiiiia,cum
1066 570 1194 638 usquead
1204 570 1295 628 sellus
1309 570 1319 611 ί
1336 583 1455 629 castrum
1468 589 1549 644 super
1562 574 1671 631 durium
1682 575 1771 644 ipsius
1784 575 1854 649 lige

222 667 296 724 ouini
309 667 428 723 exercitu
445 667 608 726 Francorum
631 665 729 728 iterum
748 675 781 718 ec
795 672 868 715 anno
889 662 1015 714 reversus
1065 659 1104 715 ris
1117 663 1240 727 peruenit
1263 663 1329 737 [ill.
1354 663 1516 734 perveniens
1525 665 1546 737 l.
1572 665 1619 722 liis
1637 667 1730 738 iraque
1753 668 1852 739 gestis,

222 767 264 813 cst
286 758 313 812 in
329 757 467 812 Fraiieiani
483 770 544 812 cuni
559 755 616 810 suis
626 753 761 810 iuuenibus.
1065 751 1217 808 nuntiatum
1233 762 1275 809 est
1298 754 1355 825 regi
1367 756 1438 825 quod
1454 757 1529 813 missi
1549 757 1606 824 sui,
1621 773 1691 828 quos
1704 758 1809 815 dudum
1822 758 1852 812 ad

257 844 697 919 700ln.uccusiii.-Clllllitl.
706 841 1012 911 lterumdenuosequen·
1064 838 1221 899 nmormuni
1235 853 1249 893 s
1261 860 1351 916 regem
1366 845 1577 904 sarracenorum
1589 850 1711 914 miserat,
1726 860 1790 919 post
1803 858 1852 904 ιιιι

223 937 240 991 ιι
256 935 853 999 anno.commotoomnies'ereitiilirciiccrum
862 948 908 1002 per
917 946 1011 1003 pagiiui
1063 946 1150 988 annos
1159 932 1193 989 ad
1205 935 1350 992 Massiliam
1363 939 1466 995 reuersi
1479 939 1602 1004 luissent,
1614 940 1777 1013 legatioiiein
1789 955 1852 1010 pre·

220 1027 408 1098 liecasiuum,
422 1029 485 1087 inde
495 1028 529 1084 ad
544 1030 636 1084 urbem
650 1027 847 1085 Autisioderum
857 1025 967 1081 ueniens
978 1022 1012 1079 ad
1063 1023 1127 1081 dicti
1142 1028 1300 1084 dmormuiii
1324 1029 1399 1101 regis
1418 1031 1627 1089 sarracenerum
1646 1034 1680 1087 ad
1695 1034 1850 1103 praedicturi

220 1129 338 1173 castrum
364 1120 434 1186 quod
449 1127 561 1175 iocatm
584 1117 710 1175 Gordinia
732 1126 763 1185 ⁸,
778 1132 838 1174 eum
854 1117 945 1188 regina
963 1129 1011 1170 sua
1063 1130 1153 1186 regem
1178 1131 1238 1173 cum
1262 1119 1353 1175 uiuitis
1377 1123 1534 1178 muneribus
1557 1137 1649 1179 seeum
1673 1122 1848 1179 adduxerant.

222 1209 404 1277 Bertradane,
425 1210 481 1282 jam
504 1210 662 1267 fiducialiter
684 1210 779 1282 ligere
802 1216 949 1276 causacio,
973 1207 1007 1264 ad
1062 1208 1138 1278 Quod
1152 1224 1213 1265 cum
1228 1221 1404 1282 componun
1427 1215 1483 1283 regi
1498 1215 1609 1283 luisset,
1629 1215 1729 1270 missos
1743 1227 1807 1268 suos
1820 1214 1848 1267 ad

222 1303 357 1358 lictorieis
379 1301 514 1371 accessit,
539 1304 666 1374 palatium
689 1303 741 1358 sibi
764 1302 900 1358 edillcare
919 1300 1008 1371 jubet.
1062 1311 1123 1355 eam
1139 1299 1259 1370 direxit,
1281 1303 1327 1373 qui
1352 1303 1436 1372 ipsam
1457 1304 1617 1375 legationem
1633 1304 1699 1380 [lid.
1713 1346 1721 1369 ‚
1736 1306 1781 1374 qui
1795 1300 1848 1374 eos]

220 1394 318 1451 lterum
333 1391 435 1464 Campo
449 1394 546 1463 ltadiii,
562 1395 634 1450 sicut
648 1407 708 1449 nica
720 1402 790 1459 erat,
803 1392 901 1449 ibidem
918 1400 1011 1448 tenere
1061 1391 1250 1448 uenerabiliter
1262 1393 1426 1463 reciperent,
1434 1404 1462 1451 ιι
1474 1410 1559 1465 usque
1569 1395 1604 1450 ad
1616 1395 1707 1450 lletiis
1718 1395 1848 1449 civitaten

218 1484 305 1559 lubet,
321 1485 442 1556 initoque
455 1485 569 1542 consilio
581 1501 643 1542 cuni
658 1483 814 1556 proceribus
827 1482 899 1548 iuis,
914 1483 1010 1552 praela·
1059 1478 1094 1534 ad
1109 1479 1280 1538 biemandum
1305 1482 1448 1540 ducerent.
1475 1482 1559 1553 igitur
1576 1485 1754 1554 suprascripti
1768 1484 1848 1538 comi·

219 1584 274 1638 tum
288 1577 408 1646 rapinam
432 1574 669 1644 Bertradanernd,
688 1591 749 1632 cuin
772 1574 1009 1644 reliqitisiraiicis
1061 1579 1120 1638 tes,
1134 1572 1181 1644 qui
1203 1572 1238 1629 ad
1260 1573 1445 1630 llemistanum
1460 1574 1621 1644 capiendum
1642 1574 1720 1630 missi
1738 1576 1846 1639 lucrant,

219 1683 251 1723 se
264 1668 408 1726 comitibus
421 1669 543 1726 fidelibus
557 1671 631 1736 suis,
646 1669 673 1726 in
688 1669 813 1740 predicta
833 1668 954 1724 lietorica
966 1668 1008 1723 di·
1061 1663 1240 1734 perdiiinutu
1253 1666 1382 1736 iudicium
1394 1675 1422 1723 et
1436 1667 1516 1722 lidein
1531 1669 1674 1738 regiieum
1690 1668 1809 1736 capiunt,
1823 1675 1847 1721 et

219 1757 303 1812 irrisit.
330 1758 389 1829 lpse
410 1759 554 1829 precinui
575 1773 623 1816 res
647 1773 708 1814 cum
727 1758 837 1828 reliquis
860 1757 970 1814 Francis
982 1767 1010 1814 et
1025 1752 1049 1815 li
1062 1755 1171 1826 ligatuin
1184 1756 1217 1812 ad
1242 1760 1414 1829 praseiitiain
1430 1760 1500 1828 regis
1514 1772 1575 1814 cuni
1591 1774 1679 1813 urere
1699 1774 1747 1814 sus
1766 1758 1845 1812 addu-

218 1847 393 1916 optimatibus
413 1850 469 1904 suis
489 1848 523 1904 ad
547 1850 762 1923 persequendum
788 1849 945 1906 Wailarium
969 1850 1009 1906 ire
1060 1858 1169 1907 seruiit.
1184 1850 1270 1918 Quem
1284 1853 1374 1907 statim
1390 1867 1439 1909 res
1456 1838 1585 1908 Uniiicrto
1601 1850 1845 1907 ethiselarioco·

218 1940 350 2008 perrexit.
373 1938 495 2010 Cumque
517 1941 662 2011 predictus
676 1958 722 1998 ιιι
745 1944 832 2012 ipsum
850 1941 1008 1999 Wailarium
1060 1941 1172 1998 mitibus
1200 1943 1330 1999 Betcmeae
1355 1944 1471 1999 civitatis
1492 1944 1580 2015 ipsum
1608 1943 1795 1999 lieinisiaiiuni
1821 1945 1844 1998 ln

218 2043 449 2101 persequensnon
465 2032 615 2100 reperiret,
633 2032 689 2104 lam
704 2041 809 2106 tempus
826 2033 923 2090 ltietnis
938 2044 1007 2099 erut,
1059 2035 1180 2106 patibulo
1202 2036 1332 2105 suspendi
1353 2036 1445 2107 jussit.
1477 2035 1622 2093 Praedictus
1648 2050 1695 2090 rea
1725 2036 1844 2104 l‘ippinui

218 2112 280 2176 aum
294 2121 368 2176 ennii
381 2123 501 2179 exercitu
513 2121 546 2178 ad
561 2122 716 2191 Beturicas,
730 2125 774 2181 ulii
787 2126 925 2196 prefatam
940 2124 1008 2195 rcgi·
1057 2144 1144 2200 usque
1157 2129 1191 2185 ail
1204 2128 1357 2185 Garunnam
1372 2129 1501 2193 acceseii3
1516 2128 1552 2184 ibi
1573 2128 1736 2191 wascones,
1752 2128 1795 2196 qui
1810 2128 1843 2179 nl·

218 2226 279 2268 noni
296 2212 486 2270 Bertradinem
500 2214 652 2280 dimiserat,
667 2230 792 2272 reuersus
805 2225 857 2272 est.
1059 2228 1100 2274 tra
1123 2216 1278 2276 Garunnam
1301 2230 1521 2289 commorantur,
1544 2218 1577 2273 ad
1600 2218 1659 2288 ejus
1679 2220 1842 2284 presciiiiam

253 2300 394 2359 Cillilllll.
418 2305 485 2360 llum
510 2306 568 2362 bac
584 2316 737 2378 agerentur,
754 2307 924 2364 liemistanus
937 2306 1007 2363 liliiis
1057 2306 1209 2381 uenerunt,
1234 2324 1261 2369 et
1281 2322 1450 2369 sacramenta
1473 2322 1502 2370 et
1521 2313 1629 2368 obsides
1646 2313 1778 2382 predicto
1793 2311 1842 2381 rogi

216 2393 327 2455 Eudone
341 2407 353 2436 ι
369 2399 502 2467 qnondam
516 2399 596 2455 iidem
611 2415 704 2466 suani,
717 2415 796 2472 quam
808 2400 935 2470 predicta
950 2400 1006 2470 regi
1057 2404 1178 2469 donant,
1201 2412 1231 2458 ut
1252 2418 1360 2473 semper
1378 2403 1470 2459 lideles
1488 2404 1607 2474 partibus
1622 2404 1715 2474 regis,
1739 2418 1772 2458 ae
1787 2403 1840 2458 siliis

217 2485 329 2555 l‘ippinii
344 2491 512 2557 promserit,
528 2491 640 2559 lelellit;
653 2502 681 2548 et
692 2492 727 2549 ad
740 2492 897 2548 Wailariuni
909 2493 1005 2548 iterum
1056 2496 1113 2551 sitis
1126 2492 1224 2551 Carula
1242 2504 1271 2551 et
1288 2492 1470 2552 Carlomaniio
1482 2496 1555 2551 omni
1575 2504 1698 2564 tempure
1717 2509 1779 2550 esse
1795 2494 1839 2549 de-

217 2576 348 2644 reiiieus,
371 2578 483 2634 ditionis
506 2595 564 2637 stite
586 2597 617 2637 se
631 2581 743 2638 iaciens.
768 2581 845 2651 Quod
858 2581 1006 2639 Wailarius
1056 2583 1148 2640 beant.
1172 2584 1206 2640 Et
1227 2583 1289 2640 alirn
1313 2584 1405 2640 mutio
1426 2584 1598 2656 quamplures
1612 2593 1708 2655 gentes
1724 2599 1759 2640 ex
1775 2593 1841 2654 parts

216 2682 278 2726 eum
292 2684 390 2740 magno
403 2671 502 2738 gaudio
515 2686 577 2728 euni
599 2673 717 2742 recepit,
742 2681 771 2730 et
790 2672 939 2744 adiutorem
953 2673 1006 2730 sibi
1057 2676 1178 2735 Wailarii
1192 2677 1225 2733 ad
1237 2692 1299 2733 eum
1313 2679 1471 2744 venientes,
1486 2686 1513 2733 et
1530 2676 1667 2733 seditioni
1685 2691 1742 2732 sue
1754 2674 1840 2732 subdi·

216 2761 444 2825 muminito·
463 2771 491 2819 et
512 2763 668 2834 predictum
690 2778 781 2836 regern
800 2780 861 2821 eum
880 2765 1005 2821 instituit.
1055 2769 1164 2826 derunt.
1190 2769 1331 2826 Retinere
1349 2768 1477 2838 Plppintis
1498 2767 1647 2838 benigniter
1661 2781 1710 2822 eos
1728 2766 1756 2821 iu
1772 2780 1839 2820 enan

217 2851 421 2924 superscriptus
443 2852 615 2911 Remissanus
628 2863 723 2911 contra
743 2855 899 2925 predictum
915 2870 1004 2926 regem
1057 2861 1189 2916 ditionem
1201 2859 1312 2928 recepit.
1337 2858 1481 2915 Wadarius
1498 2874 1558 2915 cuin
1574 2859 1665 2927 patuis
1680 2873 1728 2928 per
1741 2858 1839 2923 siluam,

216 2953 244 3002 ιι
257 2943 384 3010 Francos,
401 2960 449 3003 seu
463 2946 597 3002 custodias
610 2962 678 3018 quas
694 2947 752 3017 ipse
770 2963 817 3004 rex
831 2947 858 3003 in
870 2948 954 3018 ipsius
967 2946 1006 3003 ci·
1055 2966 1115 3023 qnae
1133 2959 1243 3007 tueatur
1264 2949 1385 3007 ildoncia
1395 2947 1427 3016 i,
1452 2951 1478 3006 in
1494 2966 1561 3022 pago
1576 2951 1772 3007 Petrocorreco
1787 2949 1839 3004 lati·

214 3036 342 3092 nitatibus
355 3035 504 3104 dimiserat,
521 3037 632 3095 nimium
647 3037 760 3097 inlesttts
770 3040 900 3106 accessit,
914 3048 941 3094 et
953 3039 1004 3094 lle·
1057 3053 1136 3110 tntis,
1153 3042 1205 3098 bue
1226 3041 1343 3112 illucque
1367 3049 1478 3111 regatur
1498 3041 1626 3096 incertus.
1654 3039 1787 3094 Prelatur
1800 3053 1839 3093 ιιι

215 3129 344 3196 roricum,
359 3143 406 3186 scu
421 3127 630 3197 Limotlcinum,
648 3130 721 3201 quud
734 3130 792 3200 ipse
805 3145 853 3186 rea
867 3129 1001 3200 acquisie-
1016 3120 1040 3184 C
1056 3136 1182 3205 Pippinus
1204 3135 1285 3205 702
1307 3133 1340 3188 nd
1364 3131 1522 3189 Wailarium
1544 3130 1706 3202 capiendum
1732 3133 1836 3187 insiliri

214 3229 268 3288 ret,
283 3222 550 3293 predandontnitun
564 3225 689 3290 vastavit,
699 3222 736 3278 ita
750 3235 779 3278 ut
790 3222 878 3278 nullus
891 3224 1004 3278 cointius
1056 3227 1152 3282 iterum
1167 3233 1253 3297 parat.
1281 3224 1344 3283 inde
1362 3223 1396 3279 ad
1419 3224 1538 3300 reginam
1557 3237 1633 3279 suam
1648 3224 1682 3277 ad
1697 3224 1788 3278 sellus
1802 3237 1838 3276 re·

214 3320 293 3369 terre
306 3310 341 3367 ad
355 3312 604 3379 lab·2r.indum,tarn
618 3326 696 3381 agros
711 3327 791 3382 quain
806 3313 899 3367 uineas
913 3312 1004 3368 coiere
1055 3319 1154 3388 niens,
1178 3317 1338 3389 legationem
1361 3314 1586 3380 Sarracencrum,
1612 3329 1694 3384 quam
1710 3313 1798 3369 lli-tiis
1811 3310 1838 3364 sd

214 3421 270 3462 non
285 3405 412 3463 audebat.
438 3405 587 3463 Praedictus
602 3422 650 3462 res
666 3404 796 3478 Pippinus
816 3407 842 3460 iii
866 3406 1003 3464 lictorieas
1054 3409 1226 3467 liiemaiiduin
1242 3407 1367 3473 iiiiierat,
1383 3407 1416 3461 ail
1430 3406 1518 3462 Sellus
1532 3418 1650 3460 castrum
1664 3403 1699 3459 ad
1713 3420 1744 3458 se
1756 3404 1838 3458 retiis

212 3509 261 3570 per
276 3498 391 3558 biement
404 3505 487 3560 tutam
498 3512 558 3554 eum
571 3500 662 3570 regina
673 3513 721 3554 sua
736 3498 899 3555 Bertraduiie
914 3501 941 3554 iii
956 3514 1002 3568 pa-
1055 3500 1198 3574 precepti,
1215 3509 1242 3555 ιι
1262 3498 1314 3568 ipsi
1335 3497 1475 3554 sarraceni
1489 3510 1673 3565 muneraque
1687 3493 1837 3550 itincrmuiii

213 3589 279 3646 latio
301 3591 413 3647 resedit.
434 3590 533 3646 'lutum
555 3590 703 3646 exercitum
718 3603 795 3645 suum
816 3605 863 3660 per
881 3591 1003 3661 Burgun-
1055 3593 1257 3663 trinsmireiat,
1282 3591 1380 3648 ibidem
1402 3598 1575 3661 praesentant.
1601 3587 1701 3643 lterum
1715 3603 1764 3643 res
1780 3587 1837 3655 ipsis

212 3681 283 3738 diam
294 3682 328 3739 ad
344 3682 514 3740 biemandum
529 3685 659 3750 mittens,
683 3683 777 3740 Naialc
792 3683 896 3739 boniini
917 3687 1001 3740 nostri
1054 3686 1211 3745 sarracenis
1224 3687 1269 3758 qui
1285 3687 1318 3741 uit
1330 3686 1415 3752 ipsum
1429 3682 1503 3738 missi
1518 3680 1622 3736 luerunt
1633 3694 1746 3734 munera
1759 3678 1836 3743 dedii,

212 3773 276 3833 lesu
288 3775 386 3832 elisisti
401 3783 429 3831 et
449 3785 569 3830 saniitairi
590 3774 764 3846 Epiphaniam
778 3773 848 3842 apud
865 3774 1001 3831 betoricas
1053 3790 1082 3837 ei
1103 3795 1187 3851 nique
1210 3779 1243 3835 ad
1270 3776 1414 3834 llasslliam
1433 3789 1495 3829 curn
1519 3772 1604 3828 multo
1624 3773 1728 3826 bonore
1748 3768 1834 3824 adduci

85 3917 91 3930 ,
213 3866 307 3931 turbem
323 3881 372 3936 per
389 3865 532 3922 eonsilium
555 3867 743 3937 episcopcrum
766 3865 809 3922 rel
829 3867 1000 3922 sacerdotum
1052 3871 1191 3942 precepit.
1218 3866 1360 3927 sarraceni
1373 3880 1437 3920 acro
1451 3862 1539 3919 niiatt
1553 3862 1695 3918 evectione
1710 3872 1834 3931 perlitare

211 3959 401 4015 uenerabiliter
416 3959 572 4016 celebrauit.
1052 3961 1165 4017 redeunt
1178 3960 1211 4014 ad
1227 3957 1344 4029 propria.

246 4051 298 4108 sn.
315 4068 496 4109 necerim.-
504 4051 648 4111 cxxxiv,
662 4051 775 4109 Erulutu
789 4052 868 4124 igitur
881 4065 914 4108 eo
929 4065 1002 4106 annu
1086 4050 1218 4108 CXXXV.
1233 4048 1381 4105 Praecelsus
1396 4061 1443 4102 res
1457 4045 1585 4116 Pipplnus
1599 4043 1697 4100 iterum
1708 4041 1834 4098 dessilus

210 4144 293 4220 701
307 4159 368 4199 cum
383 4145 409 4199 in
426 4145 563 4200 llctcricas
574 4144 715 4213 resideret,
734 4143 868 4203 mediante
881 4141 1001 4200 Februa·
1050 4154 1214 4202 castrorum
1231 4140 1322 4212 paucis
1342 4141 1375 4194 ad
1390 4137 1603 4209 persequendum
1625 4134 1786 4190 Wailariuin
1806 4148 1833 4187 ec
1859 4138 1863 4145 '

211 4239 261 4306 rin,
278 4251 387 4293 omnem
406 4240 554 4296 exercituin
567 4252 664 4306 situm,
682 4253 763 4309 quem
778 4237 804 4292 in
817 4234 999 4308 liurgtindiam
1049 4255 1120 4298 enno
1135 4238 1231 4294 iterum
1245 4235 1377 4306 perrexit,
1391 4242 1419 4290 et
1433 4231 1562 4302 usquead
1577 4228 1706 4286 sarcinis
1719 4228 1784 4282 mira
1795 4240 1833 4280 ee·

209 4329 243 4384 ad
256 4330 428 4386 biemandum
444 4331 573 4395 miserat,
587 4329 621 4385 ad
641 4331 776 4386 revenire
789 4328 933 4398 iirecepitr
948 4326 999 4382 ini·
1050 4333 1155 4390 leriiiie
1168 4330 1271 4402 primus
1284 4341 1344 4383 eum
1357 4324 1448 4396 paucis
1462 4322 1543 4377 venit.
1555 4318 1621 4376 Cum
1637 4319 1688 4375 linc
1697 4317 1832 4375 Wailariui

209 4431 291 4492 letitie
312 4423 426 4490 consilio
447 4433 541 4480 eontra
565 4424 749 4479 licmistanum
773 4423 884 4480 insidias
910 4431 996 4496 parat,
1049 4421 1179 4490 audisset,
1203 4419 1372 4476 sclitonmre
1386 4424 1459 4486 terga
1474 4413 1566 4468 uertit.
1589 4411 1643 4466 lter
1670 4408 1829 4480 Pippimisin

212 4513 417 4580 lleriiieiialdum
432 4557 440 4582 ,
464 4516 647 4587 beringarium
659 4557 669 4583 ,
681 4515 874 4572 childeradum
888 4524 916 4572 et
929 4513 997 4572 llni·
1009 4488 1038 4558 Ῐ)
1048 4522 1164 4587 quatuor
1177 4522 1268 4583 paries
1279 4509 1393 4565 comites
1413 4520 1477 4561 suos
1491 4503 1605 4560 scaritos
1628 4512 1656 4557 et
1671 4503 1765 4557 leudes
1777 4513 1831 4553 rios

209 4605 315 4668 borium
326 4605 340 4655 i
351 4606 476 4665 comitem
489 4606 644 4668 munium
659 4621 720 4668 citui
737 4606 846 4678 reliquis
856 4606 1001 4663 comitibus
1049 4605 1086 4664 ad
1109 4602 1316 4676 perquirendum
1331 4598 1488 4655 Wailariuin
1505 4595 1663 4652 transmisit.
1691 4593 1760 4649 bum
1782 4594 1830 4645 liae

208 4705 236 4751 et
251 4694 386 4752 Leudibns
400 4697 456 4754 suis
479 4697 512 4751 ad
538 4698 624 4767 ipsum
638 4698 821 4754 llemistanum
841 4697 1000 4768 capiendum
1049 4688 1513 4769 agerentur,uisssernnt,consilio
1528 4683 1724 4757 regularium,
1739 4683 1830 4739 Waila·

208 4790 277 4845 clam
293 4801 305 4828 ⁰
321 4788 440 4855 mittetis,
462 4790 606 4861 predictus
630 4805 676 4847 rei
701 4789 829 4861 l‘ippinus
851 4788 1001 4846 cumomni
1049 4790 1106 4846 rius
1121 4787 1245 4859 prinecps
1255 4783 1429 4856 liquitunitea
1444 4781 1501 4836 suis
1517 4778 1674 4834 interiectus
1688 4784 1743 4832 est.
1765 4775 1830 4830 l‘re·

208 4881 330 4940 exercitu
343 4880 510 4941 l'ranccruni
524 4882 620 4939 iterum
643 4881 677 4938 ad
696 4879 911 4953 persequendum
925 4877 1001 4937 wai-
1050 4880 1121 4937 iatus
1133 4893 1181 4938 res
1192 4875 1330 4948 lippinus,
1342 4873 1398 4944 jani
1411 4881 1465 4928 tuta
1477 4870 1617 4943 Aquitania
1631 4867 1773 4940 aequisita,
1785 4880 1829 4920 oio

241 5049 256 5078 ⁸
277 5040 376 5100 locum
391 5055 473 5111 prope
483 5040 666 5104 sincerritim,
681 5055 729 5096 aeti
745 5039 858 5098 sacrum
879 5037 996 5095 Caesaris
1048 5050 1107 5108 pra,
1117 5034 1151 5090 ad
1165 5048 1225 5103 eap.
1242 5031 1303 5088 lis.

205 5109 329 5166 Castrum
351 5111 377 5166 iii
401 5110 708 5182 biturigibusttlnrdci.
725 5108 994 5180 ιιιὲιιιιδιιιιιιιιι)ι
1085 5099 1458 5181 ‘soltisBcbliabetclcun
1641 5134 1655 5179 ⁴.
1704 5165 1738 5179 ..

206 5179 396 5245 interpretatur
408 5181 529 5238 Ccintius
1085 5175 1095 5217 ί
1114 5177 1161 5232 llie
1173 5175 1248 5230 luciis
1260 5171 1359 5228 asella
1372 5180 1457 5226 saneti
1471 5168 1569 5223 Eusicu
1585 5182 1610 5220 iii
1628 5166 1789 5236 Biturigibus
1802 5162 1829 5217 iil

241 5247 255 5289 ὓ
276 5252 329 5317 ill,
344 5249 481 5316 llirtriidc,
496 5267 577 5323 quam
592 5251 711 5308 nonnulli
725 5252 831 5308 lienam
846 5248 993 5318 appellant.
1046 5242 1135 5303 Carini
1150 5245 1270 5308 lluriuni,
1287 5240 1365 5311 rulgo
1379 5240 1480 5322 Selloe,
1489 5235 1695 5319 distinguendus
1710 5246 1760 5318 esi.
1777 5237 1830 5288 llic·

241 5318 337 5376 ‘Cam
365 5333 393 5378 et
416 5322 517 5387 Preti..
544 5322 666 5377 ludonis.
689 5321 841 5392 legendum
866 5318 992 5386 liudonis,
1047 5319 1103 5374 nim
1117 5316 1205 5373 sellus
1215 5315 1247 5369 ad
1262 5312 1377 5385 Ligerim
1392 5316 1643 5376 exstitit,siiicsiro
1655 5316 1759 5361 auctori
1772 5305 1831 5361 idei

203 5391 458 5459 lqiiitaiiieiincis,
473 5393 508 5448 de
520 5408 573 5463 qtio
585 5407 686 5460 supra,
712 5391 757 5461 qui
777 5400 851 5455 pater
864 5400 920 5444 enat
936 5388 993 5443 liii·
1045 5387 1186 5445 ltabeatur.
1350 5427 1375 5465 ⁴.
1509 5449 1515 5462 ,

203 5461 292 5517 noildi
306 5473 335 5518 et
349 5461 498 5519 licinieiani
510 5501 519 5526 ,
532 5475 599 5525 seu,
613 5470 643 5517 ut
655 5460 700 5516 alii
713 5461 850 5527 scribunt,
864 5457 991 5512 ttemtui-
1080 5466 1093 5505 t
1108 5455 1161 5512 aiii
1180 5462 1303 5510 auctores
1317 5451 1515 5507 linirumemeni
1529 5445 1676 5517 appellant,
1696 5447 1828 5501 linense

220 5531 247 5585 ni
256 5547 266 5586 .·
281 5531 445 5603 proindeque
457 5532 602 5596 Waliarius
619 5530 750 5588 llitnoaldi
773 5529 844 5585 itlius
857 5538 990 5595 ,patruum
1043 5543 1101 5586 rein
1115 5527 1237 5587 cointius
1248 5535 1276 5594 et
1288 5523 1390 5579 caeteri.
1408 5520 1445 5576 lle
1460 5520 1521 5587 boe,
1536 5532 1628 5581 suoru.
1644 5517 1678 5601 {td
1694 5532 1755 5583 cab·
1773 5512 1828 5570 ¹⁰9·

212 5602 318 5657 iatiebai
337 5601 542 5666 llemistanum,
567 5615 729 5672 quamquam
743 5599 891 5661 auunculus
907 5598 991 5666 ipsius
1079 5595 1261 5662 tinnitum
1280 5596 1375 5665 rulgci
1398 5600 1428 5648 ut
1443 5600 1549 5657 munci,
1565 5586 1705 5655 Valesius,
1726 5589 1754 5643 lo
1772 5585 1830 5655 {orit

201 5672 308 5730 dicutur
320 5686 412 5740 snpra,
425 5686 485 5742 cap.
502 5671 564 5729 tis.
1043 5671 1075 5725 de
1095 5667 1151 5723 Ver.

238 5738 315 5796 illd.
345 5741 542 5808 Cliuiiibeituni3
567 5751 593 5800 ct
607 5740 687 5809 inira,
704 5740 837 5798 disiderio.
854 5739 931 5807 tide,
942 5752 990 5794 su-
