3736 6248
255 671 726 890 EPlSTOLA
791 668 1556 832 NUNCUPATORIA

230 1168 630 1263 LUSTfllssttto
668 1160 908 1259 DOMINO
944 1166 999 1253 D.
1033 1164 1275 1256 uenisti
1315 1164 1388 1251 [ot]
1424 1164 1663 1307 fltuLuY
1759 1246 1760 1250 i

499 1407 677 1469 SUPREMO
702 1404 924 1469 GALLIARUM
950 1405 1123 1468 SENATUS
1147 1403 1324 1466 PRINCll‘l.

134 1610 173 1675 Si
194 1612 264 1690 quis
282 1618 326 1670 est
343 1606 465 1685 superis
481 1623 584 1669 rerum
600 1608 804 1668 liumaooruru
821 1618 939 1672 saisire,
953 1602 981 1661 si
995 1619 1056 1680 qua
1074 1618 1123 1659 eoo
1136 1616 1340 1678 propriorum
1364 1617 1491 1678 operum
1512 1616 1591 1661 eura
1617 1601 1731 1678 tauqlt,

93 1730 158 1771 noa
173 1710 297 1784 ululeto,
321 1708 535 1772 illustrissime
559 1717 685 1768 senatus
703 1704 871 1780 Princeps,
884 1702 962 1781 quin
981 1701 1115 1778 iosiqnis
1138 1700 1276 1778 laneficii
1291 1697 1358 1759 loco
1374 1699 1539 1760 leoliturus
1558 1701 1598 1760 sit
1614 1701 1732 1775 tireqo

92 1809 162 1871 eius
175 1817 294 1882 noster,
310 1804 395 1886 quael
405 1823 517 1867 nouom
532 1821 658 1884 eperum
670 1819 798 1863 suorum
811 1800 978 1863 cetetonem
988 1799 1206 1878 spectatissimi
1216 1798 1352 1859 nominis
1364 1800 1413 1860 tui
1422 1798 1571 1877 auspiciis
1586 1798 1619 1859 ia
1634 1797 1732 1859 lucem

92 1906 226 1986 prodire
236 1905 385 1984 patiaris.
398 1902 532 1981 Optauit
545 1903 625 1965 ille
613 1918 645 1963 sn
660 1901 785 1980 primis,
799 1898 873 1963 elum
890 1902 1018 1973 oiocret,
1034 1902 1153 1980 scripte
1169 1910 1205 1961 ut
1220 1914 1276 1962 sua
1296 1901 1421 1978 iuteqra
1440 1909 1469 1960 et
1485 1899 1640 1960 inuiolata
1659 1915 1734 1976 per·

95 2007 239 2067 oenircnt
268 2004 309 2066 ael
322 2011 477 2082 posteros,
495 2000 668 2063 obtestatae
681 2000 856 2062 sacerdotes
868 2001 1007 2079 Domini,
1024 2002 1079 2080 qui
1093 2009 1165 2077 past
1179 2000 1278 2078 ipsum
1301 1998 1489 2059 Turoulaaen
1501 1999 1621 2059 recturi
1635 2007 1734 2059 essent

96 2102 287 2180 Ecclesiam,
304 2108 341 2162 ut
362 2117 403 2161 ne
418 2099 475 2162 los
491 2098 591 2163 libros
604 2097 724 2161 aboleri
736 2099 888 2171 sinerent,
902 2113 962 2160 neu
976 2095 1152 2165 dimidiata.
1167 2096 1350 2177 qualrusdam
1363 2112 1423 2176 pro
1439 2115 1492 2158 sua
1505 2096 1641 2158 altreio
1653 2115 1735 2177 pra·

98 2203 264 2272 termisse‘s,
275 2201 424 2269 rescribi:
437 2199 489 2261 eea
504 2200 561 2273 ita,
576 2208 611 2260 eet
625 2197 663 2260 alo
678 2205 808 2261 auctore
819 2199 888 2279 ipso
902 2198 1015 2261 relicta
1028 2206 1138 2271 esseut,
1154 2185 1286 2262 inlibata
1300 2201 1425 2279 suisque
1437 2200 1574 2258 numeris
1593 2217 1631 2259 ae
1654 2217 1735 2278 par-

97 2300 183 2363 tibus
196 2299 340 2362 aleoluta
355 2301 484 2362 exetarl
498 2306 656 2362 curarent.
673 2297 831 2375 Quantam
843 2298 945 2378 iqitur
957 2298 1048 2360 macla
1060 2299 1197 2377 qmtiam
1212 2297 1378 2361 habiturus
1391 2301 1418 2360 ei
1431 2300 1484 2371 sit,
1499 2299 1556 2379 qui
1569 2300 1648 2359 loono
1669 2300 1736 2379 cine
1751 2348 1757 2360 .

97 2400 191 2464 lilris
203 2400 414 2480 inteqritetem
427 2406 556 2472 asserat,
573 2407 722 2461 eusertorn
739 2399 928 2459 auctoritate
942 2415 999 2459 sua
1013 2406 1150 2474 tueatur,
1164 2409 1219 2460 ant
1237 2398 1367 2478 lenique
1380 2399 1417 2460 sb
1430 2399 1611 2479 iniquorum
1632 2397 1735 2460 leorui-
1746 2394 1761 2475 f·

94 2516 174 2560 num
189 2516 319 2561 ceamra
335 2498 495 2561 uindicet?
519 2497 676 2560 Priscian
698 2498 801 2578 itaque
827 2512 898 2561 eum
917 2496 1074 2576 llreqoria
1088 2499 1169 2577 aqis,
1184 2501 1240 2578 qui
1252 2498 1499 2562 illustrissimum
1520 2516 1630 2559 moneo
1648 2507 1735 2559 tuum

94 2615 186 2659 noea
197 2596 272 2658 lule
285 2597 352 2677 epus
365 2611 493 2676 operum
507 2596 719 2676 recoquitiom‘
731 2597 856 2676 profici
864 2612 929 2658 non
945 2598 1099 2675 praemis.
1116 2597 1224 2678 Neque
1232 2598 1315 2660 euim
1329 2599 1401 2675 erit,
1416 2607 1452 2659 ut
1467 2608 1558 2678 puta,
1574 2601 1737 2680 quiequam

99 2709 164 2761 tam
177 2699 287 2760 audax
299 2705 353 2759 aut
369 2696 566 2769 temerarius,
587 2696 644 2775 qui
655 2693 863 2774 lireqsrianis
877 2697 1006 2774 seriptis
1018 2695 1066 2758 ael
1081 2696 1239 2758 tantillam
1255 2699 1371 2777 enlerm
1386 2697 1469 2759 ausit
1489 2697 1651 2776 injuriam,
1669 2715 1737 2760 curn

100 2817 136 2860 sa
151 2797 374 2878 sapientissimi
389 2805 419 2856 et
437 2794 612 2875 aquiuieai
637 2793 752 2856 arbitri
769 2793 895 2873 judicio
916 2793 1118 2874 compreioata
1134 2795 1260 2858 uiderit.

143 2923 191 2982 Tu
208 2938 293 2991 ocra,
310 2921 359 2983 cir
373 2925 640 3003 prestantissima,
654 2940 717 2987 rem
734 2933 789 2986 tuo
807 2922 933 2985 nominc
948 2921 1053 3004 (liceat
1067 2921 1145 2986 milei
1165 2921 1223 2985 icoc
1247 2922 1359 3002 eiicere)
1387 2931 1501 3006 totaque
1525 2920 1680 3001 eliquitatc
1703 2938 1738 2986 as

100 3019 257 3098 pravitate
270 3017 355 3081 aaut
369 3019 531 3101 iudiqnam
546 3023 638 3102 lacis,
656 3040 725 3084 euru
741 3031 828 3084 tuum
842 3020 997 3101 Greqoria
1023 3031 1132 3083 nostro
1148 3021 1332 3102 presidium
1354 3023 1536 3102 impertiris.
1561 3021 1639 3086 Cum
1661 3024 1740 3084 enim

101 3116 283 3193 rellqianem
295 3118 415 3180 sincere
428 3137 520 3195 ames,
535 3130 563 3182 et
579 3123 680 3201 qentis
694 3132 810 3182 mostra
821 3119 997 3193 historiam,
1013 3121 1172 3199 avitasque
1183 3136 1282 3183 mores
1294 3138 1360 3200 pree
1370 3121 1596 3201 oeulisscmper
1606 3119 1739 3190 trabease
1784 3180 1792 3188 ,

101 3232 167 3274 non
191 3226 279 3295 pates
303 3237 370 3279 eum
383 3235 446 3278 nau
459 3218 595 3298 probare
610 3229 783 3293 auctorem,
798 3237 885 3298 quem
903 3217 1068 3280 Francicus
1089 3218 1231 3281 historice
1245 3229 1405 3297 parentem
1420 3222 1598 3295 suspiciunt
1612 3236 1741 3281 omnes:

98 3333 121 3374 a
137 3333 197 3393 qua
211 3315 378 3394 reliqioais
392 3316 580 3381 carpetano
594 3321 627 3380 iu
641 3318 755 3381 Gallis
769 3315 903 3383 exordia
919 3323 948 3378 et
958 3333 1171 3397 proqressum,
1183 3319 1320 3398 adeoque
1339 3321 1515 3397 primorum
1543 3335 1650 3397 requn
1664 3338 1741 3380 uos-

100 3422 227 3476 trorum
240 3425 325 3495 qesta
341 3417 525 3498 acecpimus.
538 3420 642 3499 Neque
659 3438 731 3482 ocra
744 3421 774 3484 si
787 3419 852 3494 ille,
861 3420 931 3502 pom
941 3437 1039 3500 supra
1053 3420 1232 3482 mortalium
1246 3423 1502 3502 sortempaeitus,
1516 3422 1636 3501 scripta
1648 3421 1741 3482 saorla

99 3533 160 3578 suu
175 3532 290 3594 parum
305 3524 414 3590 curat,
431 3516 522 3580 notris
534 3537 653 3594 eorum,
670 3537 738 3599 qua
752 3521 780 3583 is
793 3520 828 3581 in
841 3536 917 3581 usus
932 3527 1059 3580 nostros
1072 3516 1179 3579 oiocns
1191 3517 1300 3589 edidit,
1315 3537 1421 3581 curam
1434 3518 1565 3599 abjicere
1580 3520 1665 3582 lieet.
1683 3521 1742 3580 lo·-
1798 3536 1807 3555 ⁸

101 3625 194 3683 terest
213 3618 329 3697 quippe
342 3618 389 3678 rei
408 3618 543 3698 publiea
559 3619 719 3683 Francicus
733 3637 771 3682 ac
784 3618 985 3691 Christiana,
1001 3637 1036 3680 ea
1057 3634 1123 3679 non
1137 3618 1230 3680 noto
1248 3617 1285 3680 al
1299 3621 1433 3681 interitu
1447 3619 1621 3699 uindicare,
1637 3638 1742 3681 seriem

97 3721 194 3788 etiam
214 3734 318 3778 eoru-u
333 3722 555 3782 auctoritatem
566 3731 810 3783 sartam-tectam
826 3721 909 3782 teceri
922 3721 1070 3783 adamus
1085 3741 1148 3799 eos,
1160 3721 1217 3803 qui
1231 3721 1278 3784 oei
1291 3723 1433 3783 cremaris
1449 3724 1537 3803 pelam
1550 3724 1688 3796 elocant,
1704 3718 1742 3783 al

102 3819 243 3893 nimiam,
257 3829 292 3879 ut
307 3820 386 3898 ipsis
402 3821 526 3899 qulclem
543 3820 679 3894 violetur,
706 3819 842 3882 homimis
865 3819 1097 3900 simplicitatem
1120 3838 1156 3881 ac
1176 3818 1411 3887 credulitatem:
1437 3821 1485 3882 oel
1507 3821 1655 3900 qenuiais
1678 3821 1743 3898 ejus

101 3917 251 3999 operibus
266 3936 332 3979 non
345 3920 505 3981 miulmam
519 3918 690 3982 ‹ietrolsunt
700 3929 834 3999 partem,
845 3919 935 3999 quasi
944 3917 982 3980 ai
996 3917 1280 3998 interpolatoriisus
1291 3927 1399 3979 temere
1416 3926 1565 3978 assutam.
1584 3919 1654 3997 qu
1671 3934 1743 3978 aero

98 4025 271 4095 utrumque
285 4017 438 4097 Greqorio
449 4027 600 4098 proestare
613 4035 682 4079 eum
700 4026 843 4090 conatus,
859 4016 911 4081 cui
922 4016 1044 4098 quidem
1056 4019 1142 4097 seclo
1156 4018 1185 4080 si
1200 4019 1361 4080 scatentia
1377 4025 1438 4078 tua
1452 4016 1592 4095 qracitas
1607 4034 1744 4079 accesse-

100 4122 162 4196 rit,
174 4137 224 4181 ms
239 4136 294 4198 eqo
308 4119 393 4181 lecal
406 4119 469 4180 lece
484 4126 636 4199 suscepta
647 4136 747 4201 opera
767 4120 905 4198 pretium
918 4118 1062 4179 retulisse
1076 4117 1152 4180 mili
1167 4117 1309 4195 oidelae,
1324 4126 1415 4197 atque
1428 4116 1587 4177 uniomis
1606 4132 1672 4177 mm
1687 4130 1745 4192 ap-

102 4223 264 4304 probasse.
282 4224 334 4285 Ea
348 4234 392 4285 est
409 4224 490 4285 caim
507 4232 562 4286 tua
576 4224 747 4304 rapacitas,
762 4239 797 4280 ea
812 4221 953 4300 aquitae,
971 4236 1006 4279 ea
1019 4217 1152 4297 denique
1174 4218 1348 4279 auctoritas
1368 4217 1454 4297 apua
1471 4234 1587 4290 omnes,
1602 4223 1637 4278 ul
1655 4215 1746 4296 iudi·

103 4328 188 4390 cium
201 4336 290 4388 tuum
303 4328 405 4390 instar
419 4326 558 4390 omniurn
574 4326 631 4400 sit,
646 4341 703 4386 aec
719 4320 895 4403 quisquam,
907 4320 963 4400 qui
977 4316 1031 4379 aas
1049 4325 1078 4380 te
1093 4317 1288 4392 dissenserit,
1312 4326 1395 4382 recte
1411 4332 1516 4397 sapere
1531 4325 1704 4380 censeatur.
1745 4328 1755 4346 ·

146 4443 283 4506 Felicem
297 4443 403 4522 itaque
421 4443 557 4506 ‹licerim
572 4440 758 4519 Greqoriurn
772 4448 928 4513 nostran,
949 4438 1006 4519 qui
1020 4436 1110 4500 talem
1122 4444 1293 4517 patronum
1310 4455 1346 4499 ae
1359 4438 1515 4503 anatum
1531 4443 1665 4503 sortitus
1689 4442 1746 4519 sl',

102 4544 274 4617 sincerum,
287 4542 469 4621 sapientem,
483 4542 719 4619 incorruptum,
740 4537 969 4614 reqitmascirni
981 4554 1018 4595 aa
1032 4536 1255 4612 sapientissimi
1262 4532 1388 4610 judicia
1402 4537 1546 4616 dipsium,
1560 4543 1628 4622 qui,
1652 4555 1748 4623 poet·

107 4656 200 4715 quom
215 4636 364 4699 catholici
378 4638 534 4713 reqiarusn
552 4656 716 4699 causarum
736 4638 911 4717 coquitarss
930 4637 1033 4715 aspicio
1052 4635 1249 4711 enteqerrime
1265 4637 1392 4708 [caoctus
1419 4647 1509 4710 esset,
1519 4656 1588 4715 qam
1610 4654 1745 4699 summus

108 4741 226 4802 ‹scoteer
241 4741 277 4802 eie
292 4742 445 4802 uniuersis
453 4741 613 4821 juclicium
625 4742 727 4822 serat:
741 4743 856 4815 circem,
870 4739 1011 4818 inquam,
1027 4738 1082 4817 qui
1098 4737 1179 4799 uilil
1193 4755 1231 4797 ex
1242 4739 1313 4816 {ora
1324 4741 1358 4800 in
1371 4757 1458 4799 suam
1473 4739 1597 4801 elamum
1616 4722 1745 4816 ierioet,

76 4866 78 4874 ·
106 4857 279 4921 pauperum
293 4840 358 4919 ipse
367 4858 481 4918 pareas
495 4851 523 4900 et
536 4840 702 4919 praeisar:
713 4840 768 4919 qui
775 4839 862 4920 juris
871 4857 908 4900 ac
920 4839 1020 4917 lequm
1029 4836 1252 4915 coquitianem,
1269 4855 1334 4897 uon
1347 4838 1585 4898 ostentationem
1595 4837 1744 4909 scientie.

105 4940 161 5000 sed
175 4938 270 5019 leqem
285 4940 356 5001 oitoe
373 4947 551 5018 suaputet,·
565 4939 621 5019 qui
635 4938 753 5001 cacteris
761 4938 924 5018 judicibus
935 4957 1000 4999 non
1013 4938 1115 5000 minus
1128 4935 1352 5011 benedicendi,
1370 4954 1460 5016 quam
1478 4937 1602 4998 oioemli
1614 4939 1745 5018 [menam
1784 4959 1785 4962 ¹

107 5041 247 5119 exempto
260 5059 317 5103 sue
334 5051 551 5104 commonstret
562 5063 571 5110 ‚·
584 5042 639 5121 qui
651 5041 780 5121 denique
795 5043 829 5101 iu
841 5058 944 5102 seuna
959 5037 1117 5113 Harloees,
1130 5037 1324 5114 Brulartias,
1338 5039 1501 5099 Tituaoeos
1515 5057 1550 5101 oe
1561 5039 1745 5114 Belleoreos,

107 5141 248 5222 aliosque
261 5142 427 5220 sanquiuis
439 5141 491 5201 oui
507 5140 616 5201 lseraas
628 5142 756 5218 resecat,
770 5148 912 5218 totasque
928 5134 1043 5218 qraasii
1058 5145 1086 5197 et
1102 5135 1222 5198 eaoeloa
1237 5137 1342 5199 auimo
1359 5139 1594 5217 complectatur.

150 5261 221 5321 Tali
234 5261 417 5340 patrocinio
432 5261 571 5321 munitus
584 5257 768 5339 Greqorius,
783 5260 932 5338 despiciet
947 5257 1085 5321 homiues
1102 5259 1272 5322 noascullas
1293 5260 1418 5338 (aeticlii
1443 5261 1519 5323 adea
1543 5263 1681 5338 delicati,
1710 5270 1745 5324 ut

104 5363 172 5438 ejus
188 5350 351 5422 lectionem
367 5360 455 5438 iutra
468 5377 501 5419 se
517 5360 646 5432 ducaret,
662 5378 786 5442 eumque
811 5369 958 5442 tanquam
972 5372 1066 5440 qustu
1089 5381 1145 5424 suo
1171 5361 1334 5442 iudiqnum
1358 5364 1486 5441 penitus
1509 5372 1668 5442 respuant.
1699 5365 1744 5429 111

103 5476 206 5530 porro
220 5461 338 5522 rectius
353 5474 460 5538 sapere
473 5458 638 5538 incipient,
651 5458 706 5520 ubi
722 5467 751 5521 te
767 5459 859 5538 laoqe
873 5460 979 5536 aliter,
995 5469 1087 5540 atque
1103 5462 1179 5539 ipsi,
1190 5462 1227 5523 cle
1239 5461 1392 5542 Greqorio
1407 5475 1516 5527 nostro
1533 5463 1647 5527 sentire
1661 5465 1745 5526 aiele-

101 5565 188 5635 rint,
206 5580 273 5623 eum
289 5561 409 5624 scilicet
422 5560 538 5639 airum,
556 5561 646 5640 cup'us
659 5558 769 5621 aestiua
782 5570 810 5623 et
825 5563 950 5624 minima
963 5563 1110 5643 affectata
1125 5562 1301 5643 eloquentia
1312 5565 1437 5644 priseos
1454 5564 1526 5627 illae
1541 5565 1689 5626 Romana
1698 5568 1747 5645 [a-

104 5659 234 5725 cundia
246 5658 414 5737 maqistros
430 5664 625 5738 assequatur.
639 5658 769 5722 Memini
785 5659 889 5721 oirum
902 5660 1062 5738 quemdam
1080 5660 1247 5738 illustrem,
1267 5664 1319 5725 eui
1334 5665 1467 5726 maoeime
1484 5662 1655 5743 familiares
1671 5673 1749 5728 sunt

104 5761 198 5825 oona
212 5757 336 5829 littera,
352 5776 418 5820 eum
434 5776 474 5821 ee
488 5757 563 5820 aula
579 5761 665 5839 reqia
680 5775 780 5838 nuper
800 5756 929 5838 rediret,
944 5760 998 5823 uli
1012 5773 1041 5824 te
1055 5764 1255 5844 infrequenti
1277 5771 1402 5829 senatus
1434 5768 1630 5844 amniumque
1657 5766 1749 5834 oreli-

250 5859 384 5921 Persae.
404 5857 522 5923 Lxxt.
1531 5871 1547 5932 l
