3736 6248
117 281 172 346 195
651 262 883 333 8.·6ΗΕὓΟΗΠ
902 260 1071 326 llPlSllOPI
1088 256 1326 323 miseniensis

117 421 131 450 ⁸
143 409 241 467 tantus
254 401 336 461 dolor
348 396 449 458 oeulos
462 391 562 455 miseri
574 390 655 453 illins
669 390 786 458 invasit,
813 397 847 450 ut
860 406 909 451 eos
925 386 1156 465 di-llpontillcis
1171 385 1218 445 sni
1231 384 1262 443 in
1273 384 1329 443 hoc
1357 381 1463 442 scelere
1485 380 1577 441 fuisse
1590 380 1732 440 dcteemm

115 497 183 572 gitis
202 494 254 553 viu
268 491 279 520 ⁵
293 487 505 562 comprimeret,
524 499 562 543 ne
581 487 743 557 creparent.
759 479 889 555 Denique
911 478 970 538 cla·
1013 476 1065 537 liei
1079 481 1142 551 post
1158 473 1250 533 multa
1272 477 1423 544 tormenta,
1440 477 1503 545 post
1528 469 1677 544 equuleos,
1696 484 1734 544 po

116 598 196 643 mare
209 579 294 655 coepit
308 577 407 647 miser,
421 591 455 635 ac
475 575 592 633 dicere:
608 572 659 631 Vae
677 570 753 630 mihi
771 570 889 643 misero,
903 569 972 646 quia
1013 583 1086 638 mas,
1100 569 1163 640 post
1177 562 1313 636 ungulae,
1326 562 1413 637 jussit
1434 559 1568 621 interlici.
1584 560 1707 620 Beatum
1720 574 1734 618 s

116 674 251 734 seductus
262 685 331 729 sum
343 668 380 726 ab
394 667 513 726 inimico
527 666 599 737 legis
612 662 728 721 dirinae.
743 660 794 720 Vae
803 662 890 733 mihi,
903 659 972 735 qnia
1013 654 1134 729 genium
1157 650 1293 710 decollari
1314 649 1413 724 jussit,
1439 650 1494 723 sub
1517 665 1551 707 ea
1579 648 1731 722 speciant

116 761 211 820 Deum
226 773 277 833 per
290 755 444 831 pecuniam
465 751 585 812 irridere
608 748 699 820 volni,
721 754 749 807 et
762 747 973 824 quinquaginta
1015 744 1085 803 hora
1100 757 1158 817 qna
1172 741 1249 799 ensis
1267 755 1354 812 super
1366 740 1507 799 cervicem
1526 737 1589 811 cius
1604 736 1734 797 incumbi

115 845 335 921 aureosacccpi,
349 845 445 904 uthoc
458 841 573 901 lacinus
585 844 789 913 perpetrarem.
803 837 848 895 Ad
861 836 973 910 episoo·
1015 838 1205 894 reverteretur
1227 831 1263 890 ad
1283 829 1487 889 hereticorum
1503 835 1620 899 sectam,
1641 843 1701 887 non
1724 842 1734 887 t

115 955 186 1015 pum
205 943 302 996 autem
318 933 435 993 aiebat:
456 931 528 991 Ecce
541 944 646 990 aurum
660 934 755 999 tuum,
771 926 859 985 redde
870 925 971 985 lumen
1015 928 1071 992 tur,
1088 937 1125 979 ne
1143 936 1211 980 euin
1234 935 1286 994 pro
1312 923 1439 993 martyre
1457 917 1622 977 excolerent
1637 916 1734 976 Christ

114 1041 227 1095 meum,
242 1022 319 1099 quod
336 1022 403 1081 dolo
426 1028 476 1081 tuo
498 1017 621 1094 perdidi.
637 1017 751 1090 Vosque
770 1030 849 1089 rogo,
863 1013 971 1089 glorio·
1013 1009 1330 1070 exsiliodamnaretur:
1346 1010 1422 1087 quod
1435 1009 1476 1068 ita
1490 1009 1598 1068 lactum
1610 1022 1734 1067 cssema:

114 1115 223 1176 sissimi
241 1112 408 1182 Christiani,
426 1125 464 1169 ne
477 1107 640 1184 despiciatis
656 1108 808 1177 miserum,
824 1105 873 1165 sed
890 1105 970 1165 velo-
1012 1108 1064 1162 est.
1080 1101 1154 1160 Nam
1167 1117 1234 1161 cum
1248 1101 1413 1160 imminenti
1431 1104 1534 1168 morte,
1548 1099 1734 1172 interrogatur

112 1205 183 1264 citer
211 1201 371 1263 succurrite
393 1198 538 1274 pereunti.
552 1197 626 1257 Vere
648 1197 726 1256 enim
751 1195 885 1269 cognovi,
902 1193 971 1269 quia
1012 1191 1037 1250 si
1051 1191 1125 1251 mori
1137 1206 1188 1266 pro
1200 1191 1257 1250 lide
1270 1190 1409 1250 catholica
1427 1183 1734 1260 destinaret,⁸respond

114 1296 248 1356 Desis49
263 1308 316 1348 non
334 1289 467 1346 irridetur
489 1288 563 1360 (dol.
577 1297 619 1357 vr,
640 1286 676 1359 7).
698 1285 781 1345 Tunc
799 1284 891 1343 sancti
919 1283 971 1342 Dei
1011 1282 1091 1340 onim
1115 1288 1158 1340 cst
1179 1281 1353 1354 sempiterna
1366 1280 1436 1352 vita,
1461 1293 1513 1353 pro
1535 1277 1647 1352 justitia
1673 1290 1734 1335 mor

114 1379 312 1443 misericordia
325 1377 397 1437 moti
413 1397 419 1436 :
433 1379 476 1449 Si,
492 1376 646 1452 inquiunt,
661 1377 759 1442 caedis,
774 1378 865 1432 omnio
876 1375 970 1446 possi·
1011 1372 1266 1448 suspensogladio,
1282 1371 1358 1445 apud
1373 1371 1559 1443 albigensem
1580 1365 1734 1427 Galliarum

116 1472 184 1529 bilta
205 1477 269 1528 sest
292 1469 411 1526 medenti
434 1470 528 1541 (litore.
551 1477 594 1535 ix,
617 1463 672 1538 22).
694 1467 733 1523 at
757 1463 808 1523 illc
830 1461 971 1522 clamabat
1011 1464 1116 1524 exsilio
1132 1464 1285 1538 deputatus
1307 1469 1350 1522 cst
1366 1478 1372 1517 :
1388 1461 1441 1521 ubi
1463 1464 1490 1519 ct
1508 1459 1595 1517 linem
1623 1457 1692 1517 vitae
1714 1472 1734 1533 p

114 1579 185 1625 voce
192 1576 298 1636 magna
313 1576 320 1616 ε
334 1560 391 1631 Qui
404 1574 462 1619 non
475 1556 629 1617 crediderit
642 1555 789 1615 Christum
800 1554 909 1613 Filium
918 1550 970 1611 Dei
1012 1553 1080 1612 lecit
1091 1554 1113 1611 ⁸¹.
1129 1551 1174 1610 Ad
1188 1551 1273 1625 cujus
1286 1565 1368 1609 nnnc
1379 1549 1547 1622 sepulcrum
1559 1545 1660 1606 muita
1675 1545 1734 1604 virt

111 1660 142 1714 et
157 1653 296 1727 Spiritum
325 1657 456 1710 sanctum
477 1648 622 1723 aequalem
646 1647 753 1705 habere
777 1644 968 1704 substantiam
1011 1643 1137 1701 berrime
1165 1641 1369 1702 ostenduntur.
1398 1638 1538 1699 Sanctum
1561 1651 1630 1695 vero
1651 1633 1734 1695 vind·

112 1748 199 1817 atquc
212 1741 347 1800 deitatem
369 1755 436 1799 cum
458 1738 518 1796 Deo
543 1735 635 1804 Patre,
650 1735 738 1795 hodie
755 1751 823 1811 quae
838 1750 889 1809 ego
905 1709 1381 1809 per·1³gladiopercuiipraecepit.
1397 1731 1481 1801 Quod
1495 1729 1535 1789 ita
1548 1727 1699 1802 impletum
1709 1740 1734 1785 er

112 1833 176 1893 iero
188 1829 325 1907 patiatur.
340 1828 376 1887 Et
393 1827 517 1902 adjecit:
534 1824 625 1895 Credo
640 1826 733 1885 Deum
752 1826 867 1884 Patrem
881 1823 972 1885 omni·
1012 1824 1178 1884 certamine.
1193 1823 1367 1883 Octavianus
1381 1839 1450 1884 sero
1472 1820 1703 1893 archidiaconus,
1721 1834 1734 1879 e

112 1925 269 1994 potentem,
280 1916 365 1977 credo
378 1914 488 1973 Filium
500 1912 552 1972 Dei
562 1912 816 1974 Christumlesum
825 1917 971 1990 aequalem
1012 1913 1106 1973 millia
1119 1914 1251 1974 virorum
1260 1929 1293 1973 ac
1305 1913 1466 1974 mulierum
1482 1913 1556 1971 hanc
1567 1910 1654 1969 lidem
1663 1923 1734 1969 asser

113 2009 205 2079 Patri,
219 2010 305 2069 credo
321 2005 462 2082 Spiritum
480 2009 615 2063 sanctum
631 2004 709 2063 Patri
721 2010 749 2063 ct
762 2005 837 2064 Filio
850 2005 970 2065 consuls
1012 2007 1184 2081 interempta
1199 2011 1285 2080 atque
1295 2003 1443 2063 debilitata
1459 2008 1538 2063 sunt.
1555 1999 1611 2060 Sed
1624 2015 1678 2075 pro
1691 2014 1734 2057 an

114 2097 278 2158 stantialcm
300 2101 388 2169 atque
412 2099 599 2153 coaeternum.
620 2092 691 2152 lime
709 2093 754 2152 illi
771 2095 931 2167 audientes,
943 2101 972 2154 et
1012 2099 1075 2170 rim,
1089 2095 1164 2156 nihil
1178 2100 1259 2156 erant
1275 2096 1338 2154 haec
1351 2094 1491 2170 supplicia
1512 2090 1729 2152 consessoribus

114 2200 145 2246 se
159 2185 285 2245 invicem
297 2185 407 2244 honore
429 2188 532 2242 mnino
556 2182 779 2258 prevenientes,
792 2184 885 2245 oritur
897 2186 973 2245 inter
1012 2184 1064 2262 qui
1079 2185 1110 2244 in
1127 2183 1226 2260 paucis
1240 2181 1348 2256 vexati,
1363 2180 1396 2241 in
1408 2178 1509 2240 multis
1518 2179 1592 2238 bene
1606 2194 1637 2238 se
1652 2191 1734 2237 noser

114 2282 274 2337 eossancta
296 2273 452 2342 contentio,
474 2272 540 2348 quis
560 2271 651 2331 oeulis
665 2273 729 2348 ejus
745 2273 863 2348 siguum
880 2275 972 2335 beatae
1012 2274 1161 2349 ponendos
1180 2276 1256 2346 (Sap.
1281 2285 1324 2334 nr.
1345 2271 1380 2343 51,
1401 2270 1486 2346 juxta
1509 2268 1584 2328 illud
1610 2266 1734 2341 Apostol

112 2362 207 2424 crucis
221 2362 392 2436 imponeret.
408 2359 600 2419 vindemialis
614 2375 728 2420 vercae
743 2359 894 2434 Longinus
911 2363 973 2424 Eu·
1012 2380 1066 2420 non
1079 2368 1144 2420 suut
1159 2364 1299 2432 condique
1319 2363 1461 2434 passiones
1477 2360 1559 2431 iujos
1578 2361 1706 2431 temporis
1728 2378 1734 2414 i

113 2451 246 2526 genium,
262 2448 313 2509 ille
324 2454 422 2509 autem
438 2456 552 2508 econtra
567 2463 616 2508 eos
629 2456 728 2508 exorat
743 2456 776 2509 ut
790 2466 895 2513 manus
913 2452 971 2511 im·
1011 2467 1072 2507 rom
1086 2453 1213 2522 etesium,
1228 2467 1288 2522 qua
1301 2451 1437 2507 revelatur
1458 2452 1489 2506 in
1513 2450 1615 2504 sanctis
1628 2450 1734 2517 (ltera-¹

113 2545 256 2616 ponerent
279 2554 365 2598 casce
380 2538 462 2609 Quod
486 2554 553 2598 cum
576 2538 720 2609 iecissent,
736 2547 764 2600 et
779 2556 884 2602 manus
902 2559 972 2603 suns
1012 2540 1098 2600 Multi
1115 2532 1185 2600 tunc¹
1202 2547 1368 2601 ermntesa
1394 2540 1462 2612 fide,
1485 2538 1657 2612 accipientes
1679 2537 1734 2596 diri

114 2646 204 2705 super
217 2635 302 2705 eaput
321 2629 385 2703 ejus
407 2632 547 2700 tenerent,
562 2635 679 2688 sanctus
691 2628 841 2704 Eugenius
855 2648 971 2693 crucem
1013 2635 1168 2689 semernnt
1182 2644 1212 2688 sc
1222 2627 1373 2688 doloribus
1388 2627 1488 2688 multis
1505 2628 1601 2687 :sicut
1616 2623 1724 2684 infelix

11 2750 14 2755 ·
114 2734 203 2794 super
229 2716 331 2778 oculos
353 2715 421 2774 caeci
445 2715 564 2786 faciens,
580 2715 620 2775 ait
633 2735 640 2774 :
654 2716 689 2775 ln
704 2719 822 2777 nomine
837 2719 930 2779 Patris
943 2725 972 2780 ct
1013 2734 1127 2793 scopus,
1143 2719 1263 2778 nomine
1281 2719 1453 2790 Revocaius,
1469 2733 1502 2776 eo
1521 2723 1649 2792 tempore
1662 2717 1734 2774 ests

115 2804 184 2865 Filii
199 2812 228 2866 et
242 2804 368 2879 Spiritus
382 2803 474 2863 sanmi
488 2803 550 2863 veri
564 2804 626 2877 Dei,
640 2820 727 2879 quern
741 2807 852 2867 irinum
865 2808 897 2867 in
910 2824 971 2868 una
1012 2827 1029 2870 a
1044 2809 1100 2870 lide
1117 2811 1266 2871 catholica.
1288 2810 1373 2870 Tunc
1385 2820 1395 2841 ·
1409 2816 1437 2869 et
1455 2809 1498 2868 sol
1521 2814 1591 2867 teter
1611 2803 1734 2882 apparui

114 2897 280 2974 aequalitate
293 2902 380 2971 atque
393 2895 601 2971 omnipotentia
612 2898 794 2970 confitemur,
805 2898 971 2973 aperiantur
1012 2903 1065 2963 rix
1085 2901 1122 2961 ab
1147 2917 1180 2962 eo
1202 2917 1268 2977 pars
1278 2902 1325 2961 vel
1341 2901 1424 2961 tertia
1445 2899 1570 2960 eluceret
1586 2915 1592 2949 :
1607 2897 1702 2969 credo,
1716 2910 1734 2971 p

114 2985 192 3047 oculi
206 2985 259 3046 tui.
275 2985 311 3044 Et
325 2984 422 3044 statim
437 2983 533 3043 ablato
545 2984 651 3056 dolore,
667 2986 703 3044 ad
718 2987 871 3062 pristinam
885 2987 971 3047 rediit
1012 2989 1169 3050 sceleribus
1180 2988 1364 3055 stellusione
1387 2987 1539 3063 sanguinis
1552 2984 1727 3045 innocentis.

44 3091 48 3097 ·
114 3072 522 3133 sanitatemhlanilesiissime
536 3078 634 3133 eutem
650 3074 744 3147 patuit
756 3090 807 3149 per
816 3075 908 3149 hujus
922 3083 1063 3144 cecam
1087 3097 1157 3141 vero
1184 3086 1249 3157 post
1274 3087 1384 3141 tantum
1411 3081 1534 3151 lacinus,
1550 3075 1734 3152 arreptusai

114 3162 241 3236 citatem,
254 3161 379 3237 qualiter
401 3161 605 3221 haereticorum
630 3163 781 3238 episcopus
794 3164 893 3224 oculos
910 3180 973 3229 cor<
1014 3171 1178 3247 quidinde
1192 3177 1360 3231 sanctorum
1384 3169 1526 3243 sanguine
1548 3171 1648 3242 pastus
1666 3166 1734 3225 lues

114 3252 198 3312 dium
219 3250 325 3311 misero
348 3249 515 3311 assertionis
538 3266 601 3311 suae
615 3250 731 3311 velabat
743 3252 861 3326 amictu,
875 3270 913 3313 ne
928 3270 975 3315 ve·
1013 3259 1085 3335 priis
1109 3275 1139 3319 se
1162 3259 1309 3318 morsibus
1333 3256 1461 3316 laniabat
1477 3279 1483 3314 :
1499 3256 1530 3313 in
1548 3269 1606 3329 quo
1632 3253 1721 3312 eiiam

115 3357 179 3402 ram
192 3341 289 3403 lucem
304 3339 360 3401 ulli
375 3340 474 3400 liceret
485 3340 554 3400 lidei
568 3340 660 3400 oculis
677 3342 907 3417 contemplaris
921 3344 975 3402 mi·
1015 3351 1104 3411 vitam
1118 3349 1271 3426 indignam
1283 3349 1361 3424 justa
1373 3354 1465 3408 morte
1478 3345 1584 3405 linivit.
1597 3344 1675 3403 Huic
1687 3341 1734 3403 tlh·

114 3445 224 3503 fletum,
248 3429 300 3506 qni
322 3445 382 3490 1¹0ss
410 3431 557 3504 ingressus
582 3445 635 3505 per
658 3430 790 3503 januam,
811 3431 841 3490 id
861 3438 904 3491 ³⁸1
924 3448 975 3506 per
1015 3439 1185 3514 ‘successit
1206 3456 1264 3517 quo
1283 3441 1428 3513 defuncto,
1448 3436 1626 3500 Gelasimiris
1654 3448 1734 3510 regni

114 3517 273 3591 Christum,
289 3518 577 3594 iuiefltiassllalefflt
592 3519 785 3595 lupusmagis
798 3521 974 3597 Slessillflflm
1015 3530 1094 3608 cipit.
1117 3531 1182 3606 Ipso
1206 3545 1321 3605 quoque
1343 3546 1360 3589 a
1384 3528 1530 3607 republica
1553 3536 1567 3573 ⁸
1589 3529 1734 3601 supersim

50 3604 53 3609 ’
114 3613 212 3669 cubos
225 3606 343 3665 effectus
363 3609 420 3677 ⁰⁸²5
444 3610 473 3665 et
490 3620 589 3679 dacem
603 3605 691 3665 ⁶fid⁰i
706 3623 794 3683 qnam
808 3609 839 3667 Π]
855 3610 975 3668 creden·
1014 3621 1267 3695 principatumque
1285 3619 1382 3680 linivit
1402 3635 1408 3676 :
1429 3624 1458 3679 et
1471 3616 1512 3677 sic
1530 3630 1653 3691 regnum
1668 3612 1734 3675 ieci

114 3698 191 3760 tium
215 3697 353 3757 cordibus
377 3696 515 3756 debuerat
540 3696 703 3770 accendere,
724 3699 865 3772 pravitate
881 3700 975 3760 cordis
1015 3711 1157 3772 palorum,
1290 3712 1293 3717 ’

114 3789 164 3849 sui
175 3786 335 3847 conabatur
347 3785 544 3860 exstinguere.
560 3785 657 3846 Sancti
670 3802 739 3847 vero
750 3788 804 3849 nei
815 3789 873 3849 alia
888 3791 972 3865 signa
1053 3807 1099 3866 51
1122 3798 1172 3859 1v,
1186 3799 1286 3861 Muirae
1308 3798 1388 3858 enim
1404 3797 1529 3856 haereses
1554 3811 1588 3855 eo
1607 3799 1734 3870 tempore

115 3875 149 3938 in
166 3876 284 3953 populis
304 3875 399 3936 multa
422 3876 563 3949 lecerunt,
580 3883 609 3936 et
634 3883 694 3935 erat
709 3893 769 3937 ron
789 3894 849 3938 nna
872 3878 972 3955 populi
1013 3889 1115 3948 elegias
1139 3888 1722 3966 impugnaban1‚q0qujbusplerumque

115 3966 361 4029 dicentis2llerus
378 3965 455 4026 Deus
468 3967 561 4039 Pater,
576 3982 663 4027 verus
677 3968 755 4028 Deus
769 3968 872 4043 Filius,
887 3985 973 4030 verus
1013 3975 1082 4037 vina
1102 3976 1169 4035 datii
1194 3984 1247 4039 cst.
1271 3978 1345 4038 Nam
1364 3985 1392 4038 et
1413 3968 1607 4038 Athanaricus
1628 3974 1734 4036 Gottho

116 4057 194 4119 Deus
209 4055 333 4130 Spiritus
345 4063 472 4124 sancms,
487 4073 547 4117 una
558 4058 616 4117 lide
631 4058 781 4135 colendus,
797 4076 856 4121 uno
871 4061 973 4122 timore
1014 4082 1150 4142 magnam
1164 4069 1302 4129 excitavit
1315 4070 1543 4144 persecutionem
1561 4093 1568 4128 ε
1593 4065 1645 4145 qui
1659 4064 1734 4127 mult

115 4145 301 4218 metuendus,
316 4146 476 4221 eodemque
490 4146 600 4208 honore
613 4151 808 4210 venerandus.
823 4150 897 4210 Nam
908 4166 974 4227 quie
1013 4155 1184 4228 suanorum,
1200 4156 1323 4217 diversis
1346 4159 1440 4233 poenis
1460 4159 1585 4230 allectos,
1599 4156 1695 4233 gladio
1720 4154 1734 4215 d

115 4233 219 4314 Gprola
233 4236 347 4312 asserit,
359 4237 433 4298 falsa
446 4254 508 4300 esse
521 4240 635 4301 cunctis
647 4248 690 4301 est
703 4242 905 4306 manifestum.
1012 4242 1073 4313 bat;
1100 4244 1149 4303 scd
1163 4243 1174 4273 ¹
1187 4251 1215 4303 et
1226 4244 1384 4305 nonnullos
1397 4245 1503 4305 exsilio
1517 4246 1608 4316 datos,
1626 4243 1704 4302 lame
1722 4256 1734 4303 r

966 4343 974 4357 ·
1013 4333 1187 4394 cruciatibus
1201 4334 1345 4393 enecabat.
1361 4333 1445 4395 Unde
1460 4335 1565 4397 lactum
1580 4338 1632 4404 est,
1651 4331 1734 4393 utin

152 4414 262 4481 Videns
274 4426 372 4481 autem
386 4420 550 4480 Honoricus
563 4436 628 4493 rex,
650 4423 822 4482 assertiones
836 4438 904 4484 suas
921 4439 1002 4511 pern
1010 4420 1120 4497 jndicio
1147 4421 1209 4496 Dei,
1237 4436 1289 4497 pro
1311 4422 1454 4482 effusione
1478 4421 1630 4497 sanguinis
1644 4419 1720 4495 J'usti

117 4515 282 4573 sanctemm
296 4509 383 4567 tidem
391 4508 545 4582 gloriosam
559 4509 653 4569 taliter
665 4510 818 4582 denudari,
833 4527 887 4571 nec
899 4513 973 4588 erigi
1014 4512 1216 4588 expelleretur,
1233 4518 1261 4572 et
1283 4519 1359 4573 esset
1377 4511 1462 4574 exsul
1476 4528 1493 4572 a
1506 4511 1608 4588 patria,
1623 4511 1676 4588 qui
1699 4510 1734 4573 nr

116 4607 225 4665 sectam
247 4599 364 4677 erroris,
379 4599 430 4661 sed
456 4600 552 4675 potins
573 4601 693 4675 desani,
710 4601 901 4679 fraudemque
923 4611 972 4670 50
1014 4601 1071 4661 sias
1085 4601 1286 4677 impugnabat.
1306 4603 1391 4663 Nunc
1407 4618 1475 4663 vero
1487 4604 1523 4663 ad
1538 4601 1685 4677 superiora
1704 4616 1734 4663 re

151 4768 239 4823 ·ttod.
260 4769 363 4824 bellos.
383 4770 492 4837 ceteris
517 4769 621 4824 avulsis
639 4770 736 4837 lnolplt
761 4771 796 4825 sb
813 4770 969 4832 hlsrerbls,
1013 4768 1191 4834 irruptionem
1227 4770 1377 4836 contigisse
1410 4769 1508 4837 probat
1537 4769 1660 4835 scaliger
1686 4767 1734 4825 tit.

117 4839 267 4905 patefactus
289 4841 320 4893 in
345 4839 459 4906 publico.
486 4840 551 4895 Tum
575 4855 636 4906 quie
662 4846 813 4909 sequnntur
835 4855 923 4908 usqne
940 4846 975 4899 sd
1014 4840 1124 4895 llrnend.
1136 4847 1220 4906 temp.

116 4908 175 4964 hec
192 4911 286 4976 rerba,
315 4911 388 4966 tenc
414 4914 505 4969 sancti
528 4913 587 4975 ilci,
617 4915 717 4970 desum
738 4915 766 4968 ln
788 4915 885 4970 eodem
908 4915 969 4971 cod.
1047 4912 1147 4980 theg..
1172 4913 1334 4978 iiitdsrs'osm
1361 4915 1436 4981 qnod
1459 4914 1533 4969 idem
1558 4917 1620 4976 est:
1647 4912 1734 4969 nami

115 4981 200 5038 Porro
229 4983 329 5039 similis
355 4985 418 5039 hnlc
442 4987 561 5042 Historia
583 4987 732 5053 leovigildi
753 4988 923 5054 temporibus
945 4992 974 5044 ln
1014 4986 1127 5053 poribus
1152 4984 1241 5040 litters
1264 4989 1285 5040 ii
1308 4988 1423 5051 perinde
1440 4987 1553 5041 sonabat
1573 5000 1606 5041 ac
1627 4986 1732 5043 nostris

114 5055 245 5123 llispsnls
269 5060 389 5124 contigit,
409 5072 491 5126 qnam
514 5065 608 5115 narrat
634 5064 694 5130 ipse
717 5063 865 5128 Gregorius
875 5063 922 5118 lib.
940 5065 975 5120 de
1014 5060 1104 5111 terum
1126 5058 1251 5111 nonnisi
1275 5058 1451 5113 duntabundo
1479 5062 1505 5112 et
1532 5058 1717 5113 trasamundo

115 5128 205 5182 Gloria
221 5129 381 5195 Conl.,esp.
396 5133 434 5185 13.
1014 5129 1068 5183 dlls
1095 5131 1232 5185 llunerleo
1254 5134 1325 5198 pstrl
1355 5144 1404 5186 suo
1432 5134 1565 5186 successit
1587 5130 1734 5187 illidentem

146 5200 281 5284 ξοοςιιιἸ
308 5200 683 5273 armemanensis,
710 5205 973 5273 dimississem·
1014 5202 1153 5265 seronato,
1189 5202 1240 5257 seu
1278 5204 1365 5270 pulso,
1398 5204 1541 5259 neruimes
1567 5216 1683 5269 mgnum
1720 5216 1734 5267 s

115 5277 375 5414 pr‘uffllffsaciem,
391 5363 442 5417 pro
455 5352 555 5418 saum,
571 5354 624 5406 nisi
635 5352 725 5408 fallor,
882 5325 885 5331 .
900 5316 903 5323 Ι
1012 5274 1510 5414 {lentiensegel'gffileffingffissgpssugobess
1522 5275 1734 5416 ezlilttageflciffl

127 5416 157 5483 ,⁴
172 5417 210 5472 lle
232 5420 361 5488 iugenio,
390 5424 552 5489 caterisque
580 5424 625 5479 iric
653 5424 822 5492 adrogorio
841 5425 971 5492 laudatis,
1047 5423 1106 5475 sld
1131 5425 1173 5476 est
1195 5436 1211 5476 s
1232 5423 1359 5479 belisario
1383 5424 1489 5480 ramoso
1520 5426 1591 5480 duce
1618 5426 1734 5483 iustitiis

115 5489 230 5544 consule
255 5491 402 5548 Historiam
432 5493 634 5559 persecutionis
668 5496 816 5550 vsndmlce
848 5510 865 5551 e
894 5497 972 5552 nobis
1012 5495 1124 5550 asteris.

116 5559 225 5623 edium
251 5574 312 5629 cap.
334 5565 358 5627 s,
385 5564 432 5618 ubi
454 5565 571 5621 insede
599 5566 644 5621 his
665 5570 780 5633 egimus,
803 5570 831 5623 et
851 5569 887 5624 de
911 5571 972 5636 ejus
1043 5565 1133 5619 liisse
1157 5577 1247 5632 nsque
1268 5567 1303 5621 sd
1316 5567 1389 5620 ends
1411 5569 1510 5623 desunt
1530 5569 1633 5624 lnmss.
1647 5570 1673 5624 i.
1691 5569 1734 5629 iol

115 5628 242 5695 sepulcro
256 5645 342 5700 prope
356 5633 542 5699 albigensium
557 5637 664 5693 urbem.
1011 5639 1099 5695 milei
1120 5641 1341 5706 persecutionem
1358 5642 1522 5709 descriptam
1542 5641 1627 5697 babes
1653 5643 1685 5698 ln
1702 5645 1734 5701 tt

146 5701 252 5759 ⁸tnne
278 5705 337 5769 tite
366 5709 492 5775 sequenti
525 5720 592 5767 sero
621 5709 783 5769 Hunnorum
810 5713 841 5770 ln
871 5711 972 5770 dalllss
1011 5714 1104 5779 trram
1115 5712 1242 5779 sinceris,
1259 5725 1322 5780 pag.
1335 5713 1392 5778 670,
1407 5714 1454 5770 ubl
1465 5714 1500 5771 de
1515 5711 1541 5770 S.
1549 5714 1617 5771 saba
1627 5714 1663 5772 sd
1681 5727 1734 5775 tun
