<?xml version="1.0" encoding="UTF-8"?>
<!DOCTYPE html PUBLIC "-//W3C//DTD XHTML 1.0 Transitional//EN"
    "http://www.w3.org/TR/xhtml1/DTD/xhtml1-transitional.dtd">
<html xmlns="http://www.w3.org/1999/xhtml" xml:lang="en" lang="en">
 <head>
  <title>
</title>
<meta http-equiv="Content-Type" content="text/html;charset=utf-8" />
  <meta name='ocr-system' content='tesseract 3.04.00' />
  <meta name='ocr-capabilities' content='ocr_page ocr_carea ocr_par ocr_line ocrx_word'/>
</head>
<body>
  <div class='ocr_page' id='page_1' title='image "./patrologiaecurs06unkngoog/patrologiaecurs06unkngoog_0395.png"; bbox 0 0 3736 6248; ppageno 0'>
   <div class='ocr_carea' id='block_1_1' title="bbox 194 235 1836 300">
    <p class='ocr_par' dir='ltr' id='par_1_1' title="bbox 194 235 1836 300">
     <span class='ocr_line' id='line_1_1' title="bbox 194 235 1836 300; baseline -0.001 -2"><span class='ocrx_word' id='word_1_1' title='bbox 194 239 244 300; x_wconf 76' lang='lat' dir='ltr'>bil</span> <span class='ocrx_word' id='word_1_2' title='bbox 703 241 732 296; x_wconf 88' lang='lat' dir='ltr'>S.</span> <span class='ocrx_word' id='word_1_3' title='bbox 752 237 918 297; x_wconf 73' lang='lat' dir='ltr'>credenti</span> <span class='ocrx_word' id='word_1_4' title='bbox 940 235 1094 295; x_wconf 78' lang='lat' dir='ltr'>EPlSCOPl</span> <span class='ocrx_word' id='word_1_5' title='bbox 1114 236 1331 296; x_wconf 81' lang='lat' dir='ltr'>tunodudsts</span> <span class='ocrx_word' id='word_1_6' title='bbox 1504 259 1509 264; x_wconf 92' lang='lat'>·</span> <span class='ocrx_word' id='word_1_7' title='bbox 1786 241 1836 296; x_wconf 77' lang='lat' dir='ltr'>ets</span> 
     </span>
    </p>
   </div>
   <div class='ocr_carea' id='block_1_2' title="bbox 181 354 1834 3174">
    <p class='ocr_par' dir='ltr' id='par_1_2' title="bbox 181 354 1834 3174">
     <span class='ocr_line' id='line_1_2' title="bbox 192 354 1834 427; baseline 0.002 -15"><span class='ocrx_word' id='word_1_8' title='bbox 192 360 293 418; x_wconf 70' lang='lat' dir='ltr'>mltos</span> <span class='ocrx_word' id='word_1_9' title='bbox 305 363 400 416; x_wconf 81' lang='lat' dir='ltr'>eontra</span> <span class='ocrx_word' id='word_1_10' title='bbox 410 355 543 426; x_wconf 73' lang='lat' dir='ltr'>tristitiam</span> <span class='ocrx_word' id='word_1_11' title='bbox 554 363 733 425; x_wconf 78' lang='lat' dir='ltr'>aggravaret,</span> <span class='ocrx_word' id='word_1_12' title='bbox 754 368 818 413; x_wconf 73' lang='lat' dir='ltr'>emat</span> <span class='ocrx_word' id='word_1_13' title='bbox 832 354 986 426; x_wconf 84' lang='lat' dir='ltr'>emrtigitut</span> <span class='ocrx_word' id='word_1_14' title='bbox 999 358 1025 416; x_wconf 74' lang='grc' dir='ltr'><strong>Α</strong></span> <span class='ocrx_word' id='word_1_15' title='bbox 1037 354 1159 410; x_wconf 76' lang='lat' dir='ltr'>tbmibus</span> <span class='ocrx_word' id='word_1_16' title='bbox 1173 365 1327 411; x_wconf 85' lang='lat' dir='ltr'>sanctornm</span> <span class='ocrx_word' id='word_1_17' title='bbox 1351 354 1452 427; x_wconf 79' lang='lat' dir='ltr'>aliquid</span> <span class='ocrx_word' id='word_1_18' title='bbox 1466 354 1571 425; x_wconf 63' lang='lat' dir='ltr'>aulert‘,</span> <span class='ocrx_word' id='word_1_19' title='bbox 1582 356 1648 426; x_wconf 85' lang='lat' dir='ltr'>ipsis</span> <span class='ocrx_word' id='word_1_20' title='bbox 1665 357 1770 416; x_wconf 84' lang='lat' dir='ltr'>sanctis</span> <span class='ocrx_word' id='word_1_21' title='bbox 1795 359 1834 417; x_wconf 86' lang='lat' dir='ltr'>ia·</span> 
     </span>
     <span class='ocr_line' id='line_1_3' title="bbox 193 443 1834 520; baseline 0.001 -15"><span class='ocrx_word' id='word_1_22' title='bbox 193 449 334 506; x_wconf 85' lang='lat' dir='ltr'>dianissmn</span> <span class='ocrx_word' id='word_1_23' title='bbox 345 446 499 514; x_wconf 72' lang='lat' dir='ltr'>accipitrem</span> <span class='ocrx_word' id='word_1_24' title='bbox 515 445 561 500; x_wconf 89' lang='lat' dir='ltr'>tliu</span> <span class='ocrx_word' id='word_1_25' title='bbox 576 460 625 513; x_wconf 92' lang='lat' dir='ltr'>pcr</span> <span class='ocrx_word' id='word_1_26' title='bbox 639 445 747 500; x_wconf 77' lang='lat' dir='ltr'>diversa</span> <span class='ocrx_word' id='word_1_27' title='bbox 765 452 906 513; x_wconf 80' lang='lat' dir='ltr'>uagantem</span> <span class='ocrx_word' id='word_1_28' title='bbox 927 459 986 511; x_wconf 82' lang='lat' dir='ltr'>per-</span> <span class='ocrx_word' id='word_1_29' title='bbox 1035 443 1134 513; x_wconf 76' lang='lat' dir='ltr'>iurium</span> <span class='ocrx_word' id='word_1_30' title='bbox 1151 443 1233 510; x_wconf 76' lang='lat' dir='ltr'>lacit,</span> <span class='ocrx_word' id='word_1_31' title='bbox 1246 446 1305 514; x_wconf 86' lang='lat' dir='ltr'>ipso</span> <span class='ocrx_word' id='word_1_32' title='bbox 1319 444 1358 500; x_wconf 89' lang='lat' dir='ltr'>sic</span> <span class='ocrx_word' id='word_1_33' title='bbox 1380 445 1493 501; x_wconf 89' lang='lat' dir='ltr'>llomino</span> <span class='ocrx_word' id='word_1_34' title='bbox 1518 457 1685 515; x_wconf 83' lang='lat' dir='ltr'>protestante</span> <span class='ocrx_word' id='word_1_35' title='bbox 1701 469 1708 504; x_wconf 79' lang='lat'>2</span> <span class='ocrx_word' id='word_1_36' title='bbox 1726 451 1834 520; x_wconf 77' lang='lat' dir='ltr'>Quiane</span> 
     </span>
     <span class='ocr_line' id='line_1_4' title="bbox 191 533 1833 614; baseline -0.001 -17"><span class='ocrx_word' id='word_1_37' title='bbox 191 543 269 597; x_wconf 73' lang='lat' dir='ltr'>timet</span> <span class='ocrx_word' id='word_1_38' title='bbox 285 554 292 592; x_wconf 83' lang='lat' dir='ltr'>a</span> <span class='ocrx_word' id='word_1_39' title='bbox 307 535 440 602; x_wconf 82' lang='lat' dir='ltr'>similiter,</span> <span class='ocrx_word' id='word_1_40' title='bbox 463 543 494 590; x_wconf 89' lang='lat' dir='ltr'>ut</span> <span class='ocrx_word' id='word_1_41' title='bbox 515 549 587 589; x_wconf 83' lang='lat' dir='ltr'>nous</span> <span class='ocrx_word' id='word_1_42' title='bbox 604 535 637 591; x_wconf 87' lang='lat' dir='ltr'>de</span> <span class='ocrx_word' id='word_1_43' title='bbox 663 535 845 591; x_wconf 80' lang='lat' dir='ltr'>sernentibus</span> <span class='ocrx_word' id='word_1_44' title='bbox 865 533 985 590; x_wconf 81' lang='lat' dir='ltr'>oasittee</span> <span class='ocrx_word' id='word_1_45' title='bbox 1034 538 1131 605; x_wconf 79' lang='lat' dir='ltr'>apernit</span> <span class='ocrx_word' id='word_1_46' title='bbox 1145 551 1185 590; x_wconf 85' lang='lat' dir='ltr'>ute</span> <span class='ocrx_word' id='word_1_47' title='bbox 1199 534 1380 607; x_wconf 58' lang='lat' dir='ltr'>samnitibus.</span> <span class='ocrx_word' id='word_1_48' title='bbox 1394 554 1422 601; x_wconf 83' lang='lat' dir='ltr'>r,</span> <span class='ocrx_word' id='word_1_49' title='bbox 1432 537 1492 607; x_wconf 83' lang='grc' dir='ltr'>Ιι);</span> <span class='ocrx_word' id='word_1_50' title='bbox 1503 546 1539 605; x_wconf 87' lang='grc' dir='ltr'>οι,</span> <span class='ocrx_word' id='word_1_51' title='bbox 1556 538 1606 604; x_wconf 87' lang='lat' dir='ltr'>Qui</span> <span class='ocrx_word' id='word_1_52' title='bbox 1620 541 1712 612; x_wconf 80' lang='lat' dir='ltr'>recipit</span> <span class='ocrx_word' id='word_1_53' title='bbox 1719 545 1833 614; x_wconf 72' lang='lat' dir='ltr'>jartam,</span> 
     </span>
     <span class='ocr_line' id='line_1_5' title="bbox 192 624 1830 705; baseline 0.004 -21"><span class='ocrx_word' id='word_1_54' title='bbox 192 627 279 684; x_wconf 80' lang='lat' dir='ltr'>euecti</span> <span class='ocrx_word' id='word_1_55' title='bbox 293 627 391 684; x_wconf 77' lang='lat' dir='ltr'>iuliani</span> <span class='ocrx_word' id='word_1_56' title='bbox 415 626 569 695; x_wconf 83' lang='lat' dir='ltr'>accipitrem</span> <span class='ocrx_word' id='word_1_57' title='bbox 591 626 688 692; x_wconf 73' lang='lat' dir='ltr'>alitem,</span> <span class='ocrx_word' id='word_1_58' title='bbox 705 626 767 682; x_wconf 78' lang='lat' dir='ltr'>darn</span> <span class='ocrx_word' id='word_1_59' title='bbox 783 640 830 697; x_wconf 88' lang='lat' dir='ltr'>per</span> <span class='ocrx_word' id='word_1_60' title='bbox 844 629 913 679; x_wconf 85' lang='lat' dir='ltr'>viam</span> <span class='ocrx_word' id='word_1_61' title='bbox 927 641 983 680; x_wconf 89' lang='lat' dir='ltr'>am·</span> <span class='ocrx_word' id='word_1_62' title='bbox 1034 628 1175 684; x_wconf 72' lang='lat' dir='ltr'>mercedem</span> <span class='ocrx_word' id='word_1_63' title='bbox 1186 629 1253 700; x_wconf 79' lang='lat' dir='ltr'>justi</span> <span class='ocrx_word' id='word_1_64' title='bbox 1277 631 1386 696; x_wconf 83' lang='lat' dir='ltr'>accipiet</span> <span class='ocrx_word' id='word_1_65' title='bbox 1396 624 1505 702; x_wconf 70' lang='lat' dir='ltr'>(Metti.</span> <span class='ocrx_word' id='word_1_66' title='bbox 1524 629 1633 705; x_wconf 61' lang='lat' dir='ltr'>ml).</span> <span class='ocrx_word' id='word_1_67' title='bbox 1649 635 1771 702; x_wconf 76' lang='lat' dir='ltr'>(lontigt</span> <span class='ocrx_word' id='word_1_68' title='bbox 1786 652 1830 691; x_wconf 91' lang='lat' dir='ltr'>ao·</span> 
     </span>
     <span class='ocr_line' id='line_1_6' title="bbox 193 716 1829 796; baseline 0.004 -21"><span class='ocrx_word' id='word_1_69' title='bbox 193 720 308 796; x_wconf 61' lang='lat' dir='ltr'>balares,</span> <span class='ocrx_word' id='word_1_70' title='bbox 332 718 408 789; x_wconf 81' lang='lat' dir='ltr'>guasi</span> <span class='ocrx_word' id='word_1_71' title='bbox 434 733 528 787; x_wconf 73' lang='lat' dir='ltr'>ragom</span> <span class='ocrx_word' id='word_1_72' title='bbox 550 716 661 773; x_wconf 81' lang='lat' dir='ltr'>iurauit</span> <span class='ocrx_word' id='word_1_73' title='bbox 687 717 749 772; x_wconf 82' lang='lat' dir='ltr'>Erat</span> <span class='ocrx_word' id='word_1_74' title='bbox 769 719 841 774; x_wconf 91' lang='lat' dir='ltr'>enim</span> <span class='ocrx_word' id='word_1_75' title='bbox 859 731 924 785; x_wconf 86' lang='lat' dir='ltr'>pner</span> <span class='ocrx_word' id='word_1_76' title='bbox 940 716 984 769; x_wconf 90' lang='lat' dir='ltr'>ille</span> <span class='ocrx_word' id='word_1_77' title='bbox 1035 729 1088 775; x_wconf 88' lang='lat' dir='ltr'>tem</span> <span class='ocrx_word' id='word_1_78' title='bbox 1113 727 1221 790; x_wconf 85' lang='lat' dir='ltr'>etpost</span> <span class='ocrx_word' id='word_1_79' title='bbox 1243 721 1302 775; x_wconf 87' lang='lat' dir='ltr'>dies</span> <span class='ocrx_word' id='word_1_80' title='bbox 1321 723 1441 785; x_wconf 78' lang='lat' dir='ltr'>maritos.</span> <span class='ocrx_word' id='word_1_81' title='bbox 1457 738 1510 778; x_wconf 94' lang='lat' dir='ltr'>non</span> <span class='ocrx_word' id='word_1_82' title='bbox 1537 723 1687 792; x_wconf 72' lang='lat' dir='ltr'><strong>religione.</strong></span> <span class='ocrx_word' id='word_1_83' title='bbox 1701 727 1752 781; x_wconf 85' lang='lat' dir='ltr'>sed</span> <span class='ocrx_word' id='word_1_84' title='bbox 1768 741 1829 781; x_wconf 82' lang='lat' dir='ltr'>casn</span> 
     </span>
     <span class='ocr_line' id='line_1_7' title="bbox 194 807 1832 887; baseline 0.003 -23"><span class='ocrx_word' id='word_1_85' title='bbox 194 812 321 880; x_wconf 87' lang='lat' dir='ltr'>pincerna</span> <span class='ocrx_word' id='word_1_86' title='bbox 344 812 370 865; x_wconf 90' lang='lat' dir='ltr'>in</span> <span class='ocrx_word' id='word_1_87' title='bbox 380 811 462 865; x_wconf 82' lang='lat' dir='ltr'>tlonru</span> <span class='ocrx_word' id='word_1_88' title='bbox 477 808 605 864; x_wconf 72' lang='lat' dir='ltr'>basilicae.</span> <span class='ocrx_word' id='word_1_89' title='bbox 620 807 694 874; x_wconf 70' lang='lat' dir='ltr'>Quod</span> <span class='ocrx_word' id='word_1_90' title='bbox 710 822 770 863; x_wconf 79' lang='lat' dir='ltr'>ctum</span> <span class='ocrx_word' id='word_1_91' title='bbox 787 807 819 861; x_wconf 89' lang='lat' dir='ltr'>ad</span> <span class='ocrx_word' id='word_1_92' title='bbox 835 807 982 861; x_wconf 79' lang='lat' dir='ltr'>treeeonenr</span> <span class='ocrx_word' id='word_1_93' title='bbox 1034 811 1209 877; x_wconf 78' lang='lat' dir='ltr'>mulmento,</span> <span class='ocrx_word' id='word_1_94' title='bbox 1221 813 1254 866; x_wconf 91' lang='lat' dir='ltr'>ad</span> <span class='ocrx_word' id='word_1_95' title='bbox 1270 812 1357 868; x_wconf 83' lang='lat' dir='ltr'>ricnm</span> <span class='ocrx_word' id='word_1_96' title='bbox 1375 814 1558 871; x_wconf 86' lang='lat' dir='ltr'>Briuatensern</span> <span class='ocrx_word' id='word_1_97' title='bbox 1572 829 1753 886; x_wconf 70' lang='lat' dir='ltr'>properaret,</span> <span class='ocrx_word' id='word_1_98' title='bbox 1774 835 1832 887; x_wconf 79' lang='lat' dir='ltr'>prn-</span> 
     </span>
     <span class='ocr_line' id='line_1_8' title="bbox 192 900 1831 975; baseline 0.005 -19"><span class='ocrx_word' id='word_1_99' title='bbox 192 902 377 972; x_wconf 81' lang='lat' dir='ltr'>peraenisaet,</span> <span class='ocrx_word' id='word_1_100' title='bbox 391 903 461 971; x_wconf 81' lang='lat' dir='ltr'>quod</span> <span class='ocrx_word' id='word_1_101' title='bbox 475 900 578 955; x_wconf 80' lang='lat' dir='ltr'>scilieet</span> <span class='ocrx_word' id='word_1_102' title='bbox 593 915 658 969; x_wconf 86' lang='lat' dir='ltr'>puer</span> <span class='ocrx_word' id='word_1_103' title='bbox 671 909 806 967; x_wconf 87' lang='lat' dir='ltr'>repertum</span> <span class='ocrx_word' id='word_1_104' title='bbox 818 907 921 952; x_wconf 79' lang='lat' dir='ltr'>teneret</span> <span class='ocrx_word' id='word_1_105' title='bbox 936 913 982 952; x_wconf 87' lang='lat' dir='ltr'>ac·</span> <span class='ocrx_word' id='word_1_106' title='bbox 1030 901 1173 973; x_wconf 70' lang='lat' dir='ltr'>lectusque</span> <span class='ocrx_word' id='word_1_107' title='bbox 1187 904 1271 960; x_wconf 78' lang='lat' dir='ltr'>lanino</span> <span class='ocrx_word' id='word_1_108' title='bbox 1290 917 1354 959; x_wconf 73' lang='lat' dir='ltr'>aitte</span> <span class='ocrx_word' id='word_1_109' title='bbox 1371 907 1538 975; x_wconf 78' lang='lat' dir='ltr'>sepulerum.</span> <span class='ocrx_word' id='word_1_110' title='bbox 1555 923 1617 962; x_wconf 79' lang='lat' dir='ltr'>naor</span> <span class='ocrx_word' id='word_1_111' title='bbox 1629 926 1645 964; x_wconf 90' lang='lat' dir='ltr'>a</span> <span class='ocrx_word' id='word_1_112' title='bbox 1657 910 1734 965; x_wconf 79' lang='lat' dir='ltr'>tore</span> <span class='ocrx_word' id='word_1_113' title='bbox 1749 915 1831 965; x_wconf 88' lang='lat' dir='ltr'>corri-</span> 
     </span>
     <span class='ocr_line' id='line_1_9' title="bbox 191 990 1828 1070; baseline -0.001 -16"><span class='ocrx_word' id='word_1_114' title='bbox 191 998 325 1066; x_wconf 80' lang='lat' dir='ltr'>cipitrutn,</span> <span class='ocrx_word' id='word_1_115' title='bbox 338 994 495 1053; x_wconf 84' lang='lat' dir='ltr'>culurnrriari</span> <span class='ocrx_word' id='word_1_116' title='bbox 505 992 589 1060; x_wconf 81' lang='lat' dir='ltr'>repit</span> <span class='ocrx_word' id='word_1_117' title='bbox 600 1006 631 1047; x_wconf 88' lang='lat' dir='ltr'>ae</span> <span class='ocrx_word' id='word_1_118' title='bbox 646 990 755 1046; x_wconf 83' lang='lat' dir='ltr'>dicere:</span> <span class='ocrx_word' id='word_1_119' title='bbox 770 991 841 1045; x_wconf 88' lang='lat' dir='ltr'>lleos</span> <span class='ocrx_word' id='word_1_120' title='bbox 852 990 897 1044; x_wconf 91' lang='lat' dir='ltr'>illc</span> <span class='ocrx_word' id='word_1_121' title='bbox 908 1001 981 1055; x_wconf 86' lang='lat' dir='ltr'>erat,</span> <span class='ocrx_word' id='word_1_122' title='bbox 1033 992 1115 1059; x_wconf 69' lang='lat' dir='ltr'>piton</span> <span class='ocrx_word' id='word_1_123' title='bbox 1130 1001 1159 1049; x_wconf 86' lang='lat' dir='ltr'>et</span> <span class='ocrx_word' id='word_1_124' title='bbox 1181 1001 1255 1049; x_wconf 87' lang='lat' dir='ltr'>tanta</span> <span class='ocrx_word' id='word_1_125' title='bbox 1279 995 1417 1050; x_wconf 78' lang='lat' dir='ltr'>sicalonia</span> <span class='ocrx_word' id='word_1_126' title='bbox 1437 998 1754 1070; x_wconf 62' lang='lat' dir='ltr'>oppositionumque</span> <span class='ocrx_word' id='word_1_127' title='bbox 1770 1020 1828 1055; x_wconf 71' lang='lat' dir='ltr'>etna</span> 
     </span>
     <span class='ocr_line' id='line_1_10' title="bbox 190 1085 1831 1163; baseline -0.005 -15"><span class='ocrx_word' id='word_1_128' title='bbox 190 1091 336 1163; x_wconf 70' lang='lat' dir='ltr'>inquitet</span> <span class='ocrx_word' id='word_1_129' title='bbox 357 1091 401 1147; x_wconf 82' lang='lat' dir='ltr'>lile</span> <span class='ocrx_word' id='word_1_130' title='bbox 424 1090 568 1147; x_wconf 89' lang='lat' dir='ltr'>lurtoeum</span> <span class='ocrx_word' id='word_1_131' title='bbox 597 1086 716 1142; x_wconf 86' lang='lat' dir='ltr'>susttrlit.</span> <span class='ocrx_word' id='word_1_132' title='bbox 746 1085 856 1148; x_wconf 76' lang='lat' dir='ltr'>beinde,</span> <span class='ocrx_word' id='word_1_133' title='bbox 871 1098 983 1139; x_wconf 84' lang='lat' dir='ltr'>snecen·</span> <span class='ocrx_word' id='word_1_134' title='bbox 1033 1097 1507 1156; x_wconf 83' lang='lat' dir='ltr'>snrgcre,ncquepnernrneroeare</span> <span class='ocrx_word' id='word_1_135' title='bbox 1526 1100 1626 1156; x_wconf 83' lang='lat' dir='ltr'>posset.</span> <span class='ocrx_word' id='word_1_136' title='bbox 1654 1090 1831 1148; x_wconf 69' lang='lat' dir='ltr'>Famnlinon</span> 
     </span>
     <span class='ocr_line' id='line_1_11' title="bbox 188 1174 1828 1251; baseline -0.002 -11"><span class='ocrx_word' id='word_1_137' title='bbox 188 1184 271 1240; x_wconf 79' lang='grc' dir='ltr'>ιοοιο</span> <span class='ocrx_word' id='word_1_138' title='bbox 284 1182 410 1249; x_wconf 77' lang='lat' dir='ltr'>auaritia,</span> <span class='ocrx_word' id='word_1_139' title='bbox 425 1181 499 1236; x_wconf 77' lang='lat' dir='ltr'>ndait</span> <span class='ocrx_word' id='word_1_140' title='bbox 512 1179 587 1237; x_wconf 86' lang='grc' dir='ltr'>ιιιοιο</span> <span class='ocrx_word' id='word_1_141' title='bbox 603 1178 724 1236; x_wconf 83' lang='lat' dir='ltr'>viuctrrtu</span> <span class='ocrx_word' id='word_1_142' title='bbox 735 1176 762 1230; x_wconf 93' lang='lat' dir='ltr'>ln</span> <span class='ocrx_word' id='word_1_143' title='bbox 776 1190 896 1241; x_wconf 85' lang='lat' dir='ltr'>earcere,</span> <span class='ocrx_word' id='word_1_144' title='bbox 912 1174 982 1230; x_wconf 86' lang='lat' dir='ltr'>deli·</span> <span class='ocrx_word' id='word_1_145' title='bbox 1033 1186 1094 1226; x_wconf 90' lang='lat' dir='ltr'>com</span> <span class='ocrx_word' id='word_1_146' title='bbox 1111 1174 1241 1230; x_wconf 83' lang='lat' dir='ltr'>uidissent</span> <span class='ocrx_word' id='word_1_147' title='bbox 1262 1191 1324 1231; x_wconf 91' lang='lat' dir='ltr'>enm</span> <span class='ocrx_word' id='word_1_148' title='bbox 1349 1186 1424 1232; x_wconf 80' lang='lat' dir='ltr'>extra</span> <span class='ocrx_word' id='word_1_149' title='bbox 1449 1179 1558 1234; x_wconf 88' lang='lat' dir='ltr'>solitum</span> <span class='ocrx_word' id='word_1_150' title='bbox 1583 1180 1642 1251; x_wconf 92' lang='lat' dir='ltr'>plus</span> <span class='ocrx_word' id='word_1_151' title='bbox 1656 1184 1828 1247; x_wconf 74' lang='lat' dir='ltr'>occumbere,</span> 
     </span>
     <span class='ocr_line' id='line_1_12' title="bbox 190 1263 1829 1345; baseline -0.001 -13"><span class='ocrx_word' id='word_1_152' title='bbox 190 1278 361 1333; x_wconf 65' lang='lat' dir='ltr'>moriscum</span> <span class='ocrx_word' id='word_1_153' title='bbox 376 1276 405 1329; x_wconf 85' lang='lat' dir='ltr'>&#39;ra</span> <span class='ocrx_word' id='word_1_154' title='bbox 427 1271 549 1342; x_wconf 74' lang='lat' dir='ltr'>morienti</span> <span class='ocrx_word' id='word_1_155' title='bbox 565 1269 688 1345; x_wconf 73' lang='lat' dir='ltr'>pallido</span> <span class='ocrx_word' id='word_1_156' title='bbox 703 1266 982 1325; x_wconf 74' lang='lat' dir='ltr'>mudeuumeTune</span> <span class='ocrx_word' id='word_1_157' title='bbox 1033 1263 1191 1321; x_wconf 82' lang='lat' dir='ltr'>aecederues</span> <span class='ocrx_word' id='word_1_158' title='bbox 1207 1281 1216 1320; x_wconf 71' lang='grc' dir='ltr'>ι</span> <span class='ocrx_word' id='word_1_159' title='bbox 1232 1265 1302 1333; x_wconf 79' lang='lat' dir='ltr'>Quid</span> <span class='ocrx_word' id='word_1_160' title='bbox 1316 1277 1355 1330; x_wconf 82' lang='lat' dir='ltr'>tu.</span> <span class='ocrx_word' id='word_1_161' title='bbox 1370 1268 1507 1339; x_wconf 84' lang='lat' dir='ltr'>inquiunt,</span> <span class='ocrx_word' id='word_1_162' title='bbox 1522 1270 1550 1327; x_wconf 88' lang='lat' dir='ltr'>in</span> <span class='ocrx_word' id='word_1_163' title='bbox 1565 1281 1638 1329; x_wconf 89' lang='lat' dir='ltr'>tanta</span> <span class='ocrx_word' id='word_1_164' title='bbox 1651 1275 1829 1331; x_wconf 81' lang='lat' dir='ltr'>dinturnirate</span> 
     </span>
     <span class='ocr_line' id='line_1_13' title="bbox 187 1350 1831 1439; baseline 0.001 -17"><span class='ocrx_word' id='word_1_165' title='bbox 187 1367 316 1425; x_wconf 81' lang='lat' dir='ltr'>sacerdes</span> <span class='ocrx_word' id='word_1_166' title='bbox 329 1371 441 1422; x_wconf 69' lang='lat' dir='ltr'>medan</span> <span class='ocrx_word' id='word_1_167' title='bbox 464 1362 543 1418; x_wconf 83' lang='lat' dir='ltr'>ualde</span> <span class='ocrx_word' id='word_1_168' title='bbox 569 1360 605 1417; x_wconf 84' lang='lat' dir='ltr'>ad</span> <span class='ocrx_word' id='word_1_169' title='bbox 633 1350 788 1430; x_wconf 81' lang='lat' dir='ltr'>sepulcrum</span> <span class='ocrx_word' id='word_1_170' title='bbox 808 1357 900 1415; x_wconf 86' lang='lat' dir='ltr'>Sancti</span> <span class='ocrx_word' id='word_1_171' title='bbox 915 1373 981 1427; x_wconf 91' lang='lat' dir='ltr'>pro-</span> <span class='ocrx_word' id='word_1_172' title='bbox 1032 1351 1220 1423; x_wconf 80' lang='lat' dir='ltr'>depriurerisi</span> <span class='ocrx_word' id='word_1_173' title='bbox 1246 1373 1300 1415; x_wconf 83' lang='lat' dir='ltr'>tion</span> <span class='ocrx_word' id='word_1_174' title='bbox 1320 1357 1393 1413; x_wconf 82' lang='lat' dir='ltr'>enirn</span> <span class='ocrx_word' id='word_1_175' title='bbox 1422 1361 1468 1416; x_wconf 84' lang='lat' dir='ltr'>tibi</span> <span class='ocrx_word' id='word_1_176' title='bbox 1492 1372 1546 1419; x_wconf 87' lang='lat' dir='ltr'>tarn</span> <span class='ocrx_word' id='word_1_177' title='bbox 1568 1364 1667 1439; x_wconf 81' lang='lat' dir='ltr'>toogus</span> <span class='ocrx_word' id='word_1_178' title='bbox 1689 1384 1751 1423; x_wconf 86' lang='lat' dir='ltr'>mos</span> <span class='ocrx_word' id='word_1_179' title='bbox 1775 1380 1831 1424; x_wconf 83' lang='lat' dir='ltr'>erat</span> 
     </span>
     <span class='ocr_line' id='line_1_14' title="bbox 188 1445 1828 1534; baseline 0.001 -21"><span class='ocrx_word' id='word_1_180' title='bbox 188 1469 283 1528; x_wconf 84' lang='lat' dir='ltr'>perat,</span> <span class='ocrx_word' id='word_1_181' title='bbox 300 1456 480 1526; x_wconf 66' lang='lat' dir='ltr'>reseratisque</span> <span class='ocrx_word' id='word_1_182' title='bbox 496 1467 556 1509; x_wconf 85' lang='lat' dir='ltr'>cum</span> <span class='ocrx_word' id='word_1_183' title='bbox 578 1451 679 1523; x_wconf 83' lang='lat' dir='ltr'>gemitu</span> <span class='ocrx_word' id='word_1_184' title='bbox 689 1450 789 1520; x_wconf 84' lang='lat' dir='ltr'>capsis,</span> <span class='ocrx_word' id='word_1_185' title='bbox 805 1449 981 1519; x_wconf 79' lang='lat' dir='ltr'>apprehensis</span> <span class='ocrx_word' id='word_1_186' title='bbox 1031 1445 1137 1512; x_wconf 79' lang='lat' dir='ltr'>amaldi,</span> <span class='ocrx_word' id='word_1_187' title='bbox 1163 1457 1211 1504; x_wconf 90' lang='lat' dir='ltr'>ant</span> <span class='ocrx_word' id='word_1_188' title='bbox 1223 1448 1332 1507; x_wconf 82' lang='lat' dir='ltr'>deuotio</span> <span class='ocrx_word' id='word_1_189' title='bbox 1346 1448 1371 1505; x_wconf 65' lang='grc' dir='ltr'>ι.</span> <span class='ocrx_word' id='word_1_190' title='bbox 1386 1451 1519 1510; x_wconf 80' lang='lat' dir='ltr'>Ferehant</span> <span class='ocrx_word' id='word_1_191' title='bbox 1533 1464 1621 1514; x_wconf 85' lang='lat' dir='ltr'>autem</span> <span class='ocrx_word' id='word_1_192' title='bbox 1640 1458 1677 1515; x_wconf 88' lang='lat' dir='ltr'>de</span> <span class='ocrx_word' id='word_1_193' title='bbox 1690 1477 1723 1515; x_wconf 90' lang='lat' dir='ltr'>eo</span> <span class='ocrx_word' id='word_1_194' title='bbox 1736 1500 1745 1527; x_wconf 82' lang='grc'><em>,</em></span> <span class='ocrx_word' id='word_1_195' title='bbox 1759 1460 1828 1534; x_wconf 77' lang='lat' dir='ltr'>quod</span> 
     </span>
     <span class='ocr_line' id='line_1_15' title="bbox 184 1538 1830 1624; baseline 0.004 -32"><span class='ocrx_word' id='word_1_196' title='bbox 184 1550 281 1604; x_wconf 69' lang='lat' dir='ltr'>,decena</span> <span class='ocrx_word' id='word_1_197' title='bbox 304 1550 393 1603; x_wconf 86' lang='lat' dir='ltr'>aureis</span> <span class='ocrx_word' id='word_1_198' title='bbox 417 1561 464 1616; x_wconf 87' lang='lat' dir='ltr'>per</span> <span class='ocrx_word' id='word_1_199' title='bbox 490 1545 584 1600; x_wconf 82' lang='lat' dir='ltr'>ltdeles</span> <span class='ocrx_word' id='word_1_200' title='bbox 606 1543 708 1598; x_wconf 91' lang='lat' dir='ltr'>amicos</span> <span class='ocrx_word' id='word_1_201' title='bbox 730 1542 844 1597; x_wconf 77' lang='lat' dir='ltr'>Berconi</span> <span class='ocrx_word' id='word_1_202' title='bbox 871 1541 979 1596; x_wconf 91' lang='lat' dir='ltr'>obtulit.</span> <span class='ocrx_word' id='word_1_203' title='bbox 1031 1538 1248 1610; x_wconf 74' lang='lat' dir='ltr'>quandoquidem</span> <span class='ocrx_word' id='word_1_204' title='bbox 1264 1542 1290 1597; x_wconf 89' lang='lat' dir='ltr'>iu</span> <span class='ocrx_word' id='word_1_205' title='bbox 1307 1544 1422 1603; x_wconf 87' lang='lat' dir='ltr'>eeclesia</span> <span class='ocrx_word' id='word_1_206' title='bbox 1440 1548 1533 1604; x_wconf 84' lang='lat' dir='ltr'>luisset</span> <span class='ocrx_word' id='word_1_207' title='bbox 1547 1549 1704 1621; x_wconf 82' lang='lat' dir='ltr'>ingressus,</span> <span class='ocrx_word' id='word_1_208' title='bbox 1721 1570 1830 1624; x_wconf 72' lang='lat' dir='ltr'>parum.</span> 
     </span>
     <span class='ocr_line' id='line_1_16' title="bbox 188 1633 1826 1715; baseline -0.001 -18"><span class='ocrx_word' id='word_1_209' title='bbox 188 1644 264 1711; x_wconf 77' lang='lat' dir='ltr'>Quod</span> <span class='ocrx_word' id='word_1_210' title='bbox 279 1643 323 1697; x_wconf 91' lang='lat' dir='ltr'>ille</span> <span class='ocrx_word' id='word_1_211' title='bbox 344 1656 392 1712; x_wconf 90' lang='lat' dir='ltr'>pro</span> <span class='ocrx_word' id='word_1_212' title='bbox 406 1639 489 1696; x_wconf 89' lang='lat' dir='ltr'>nibiln</span> <span class='ocrx_word' id='word_1_213' title='bbox 505 1653 651 1709; x_wconf 80' lang='lat' dir='ltr'>respirem,</span> <span class='ocrx_word' id='word_1_214' title='bbox 663 1653 725 1693; x_wconf 83' lang='lat' dir='ltr'>cum</span> <span class='ocrx_word' id='word_1_215' title='bbox 739 1636 893 1707; x_wconf 86' lang='lat' dir='ltr'>juramento</span> <span class='ocrx_word' id='word_1_216' title='bbox 904 1649 981 1690; x_wconf 87' lang='lat' dir='ltr'>asse·</span> <span class='ocrx_word' id='word_1_217' title='bbox 1032 1646 1082 1702; x_wconf 79' lang='lat' dir='ltr'>per</span> <span class='ocrx_word' id='word_1_218' title='bbox 1098 1633 1318 1702; x_wconf 85' lang='lat' dir='ltr'>immurmurant,</span> <span class='ocrx_word' id='word_1_219' title='bbox 1347 1654 1398 1697; x_wconf 83' lang='lat' dir='ltr'>rice</span> <span class='ocrx_word' id='word_1_220' title='bbox 1422 1639 1489 1713; x_wconf 73' lang='lat' dir='ltr'>idi„</span> <span class='ocrx_word' id='word_1_221' title='bbox 1510 1639 1555 1714; x_wconf 74' lang='lat' dir='ltr'>ael</span> <span class='ocrx_word' id='word_1_222' title='bbox 1576 1645 1666 1715; x_wconf 87' lang='lat' dir='ltr'>capite</span> <span class='ocrx_word' id='word_1_223' title='bbox 1688 1648 1826 1711; x_wconf 73' lang='lat' dir='ltr'>inclinato,</span> 
     </span>
     <span class='ocr_line' id='line_1_17' title="bbox 186 1719 1828 1809; baseline 0.002 -18"><span class='ocrx_word' id='word_1_224' title='bbox 186 1735 241 1791; x_wconf 88' lang='lat' dir='ltr'>ruit</span> <span class='ocrx_word' id='word_1_225' title='bbox 255 1747 390 1804; x_wconf 73' lang='lat' dir='ltr'>nurmnam</span> <span class='ocrx_word' id='word_1_226' title='bbox 410 1746 441 1786; x_wconf 88' lang='lat' dir='ltr'>se</span> <span class='ocrx_word' id='word_1_227' title='bbox 464 1745 576 1802; x_wconf 86' lang='lat' dir='ltr'>puerunt</span> <span class='ocrx_word' id='word_1_228' title='bbox 597 1729 783 1794; x_wconf 85' lang='lat' dir='ltr'>dimissurum,</span> <span class='ocrx_word' id='word_1_229' title='bbox 807 1728 859 1784; x_wconf 86' lang='lat' dir='ltr'>nisi</span> <span class='ocrx_word' id='word_1_230' title='bbox 881 1726 981 1786; x_wconf 81' lang='lat' dir='ltr'>exinde</span> <span class='ocrx_word' id='word_1_231' title='bbox 997 1719 1115 1797; x_wconf 64' lang='lat' dir='ltr'>Bm</span> <span class='ocrx_word' id='word_1_232' title='bbox 1128 1727 1342 1797; x_wconf 82' lang='lat' dir='ltr'>regrediebatur.</span> <span class='ocrx_word' id='word_1_233' title='bbox 1368 1730 1445 1789; x_wconf 81' lang='lat' dir='ltr'>tunc</span> <span class='ocrx_word' id='word_1_234' title='bbox 1466 1735 1701 1809; x_wconf 67' lang='lat' dir='ltr'>interpellantibus</span> <span class='ocrx_word' id='word_1_235' title='bbox 1721 1740 1828 1805; x_wconf 83' lang='lat' dir='ltr'>pueris,</span> 
     </span>
     <span class='ocr_line' id='line_1_18' title="bbox 185 1817 1827 1894; baseline 0.002 -14"><span class='ocrx_word' id='word_1_236' title='bbox 185 1839 283 1880; x_wconf 81' lang='lat' dir='ltr'>amens</span> <span class='ocrx_word' id='word_1_237' title='bbox 306 1822 415 1892; x_wconf 88' lang='lat' dir='ltr'>triginta</span> <span class='ocrx_word' id='word_1_238' title='bbox 440 1821 587 1890; x_wconf 86' lang='lat' dir='ltr'>acciperet.</span> <span class='ocrx_word' id='word_1_239' title='bbox 604 1818 680 1888; x_wconf 79' lang='lat' dir='ltr'>Quod</span> <span class='ocrx_word' id='word_1_240' title='bbox 701 1818 842 1892; x_wconf 76' lang='lat' dir='ltr'>presbyter</span> <span class='ocrx_word' id='word_1_241' title='bbox 862 1817 979 1885; x_wconf 82' lang='lat' dir='ltr'>desuper</span> <span class='ocrx_word' id='word_1_242' title='bbox 1029 1831 1091 1873; x_wconf 88' lang='lat' dir='ltr'>cum</span> <span class='ocrx_word' id='word_1_243' title='bbox 1107 1832 1266 1888; x_wconf 83' lang='lat' dir='ltr'>responsura</span> <span class='ocrx_word' id='word_1_244' title='bbox 1281 1821 1396 1880; x_wconf 80' lang='lat' dir='ltr'>reddere</span> <span class='ocrx_word' id='word_1_245' title='bbox 1420 1826 1608 1894; x_wconf 70' lang='lat' dir='ltr'>odoratast,</span> <span class='ocrx_word' id='word_1_246' title='bbox 1623 1827 1827 1884; x_wconf 86' lang='lat' dir='ltr'>ablatusmani-</span> 
     </span>
     <span class='ocr_line' id='line_1_19' title="bbox 185 1907 1828 1988; baseline 0.007 -20"><span class='ocrx_word' id='word_1_247' title='bbox 185 1914 310 1984; x_wconf 78' lang='lat' dir='ltr'>repnlero</span> <span class='ocrx_word' id='word_1_248' title='bbox 324 1912 417 1968; x_wconf 88' lang='lat' dir='ltr'>Sancti</span> <span class='ocrx_word' id='word_1_249' title='bbox 432 1912 588 1982; x_wconf 83' lang='lat' dir='ltr'>accipiens,</span> <span class='ocrx_word' id='word_1_250' title='bbox 605 1910 720 1967; x_wconf 80' lang='lat' dir='ltr'>becconi</span> <span class='ocrx_word' id='word_1_251' title='bbox 737 1907 900 1978; x_wconf 79' lang='lat' dir='ltr'>transmisit,</span> <span class='ocrx_word' id='word_1_252' title='bbox 910 1922 979 1978; x_wconf 83' lang='lat' dir='ltr'>qnos</span> <span class='ocrx_word' id='word_1_253' title='bbox 1030 1910 1080 1967; x_wconf 89' lang='lat' dir='ltr'>bus</span> <span class='ocrx_word' id='word_1_254' title='bbox 1089 1925 1106 1968; x_wconf 88' lang='lat' dir='ltr'>e</span> <span class='ocrx_word' id='word_1_255' title='bbox 1116 1911 1188 1981; x_wconf 79' lang='lat' dir='ltr'>loco.</span> <span class='ocrx_word' id='word_1_256' title='bbox 1202 1913 1230 1968; x_wconf 89' lang='lat' dir='ltr'>iu</span> <span class='ocrx_word' id='word_1_257' title='bbox 1242 1914 1340 1973; x_wconf 82' lang='lat' dir='ltr'>cellam</span> <span class='ocrx_word' id='word_1_258' title='bbox 1354 1933 1414 1986; x_wconf 77' lang='lat' dir='ltr'>utne</span> <span class='ocrx_word' id='word_1_259' title='bbox 1425 1927 1483 1975; x_wconf 89' lang='lat' dir='ltr'>erat</span> <span class='ocrx_word' id='word_1_260' title='bbox 1495 1921 1617 1988; x_wconf 83' lang='lat' dir='ltr'>proxima</span> <span class='ocrx_word' id='word_1_261' title='bbox 1631 1922 1731 1980; x_wconf 88' lang='lat' dir='ltr'>lectnlo</span> <span class='ocrx_word' id='word_1_262' title='bbox 1746 1926 1828 1981; x_wconf 92' lang='lat' dir='ltr'>collo-</span> 
     </span>
     <span class='ocr_line' id='line_1_20' title="bbox 185 2002 1827 2079; baseline 0.005 -17"><span class='ocrx_word' id='word_1_263' title='bbox 185 2013 321 2074; x_wconf 83' lang='lat' dir='ltr'>acceptos.</span> <span class='ocrx_word' id='word_1_264' title='bbox 345 2007 443 2059; x_wconf 87' lang='lat' dir='ltr'>satiata</span> <span class='ocrx_word' id='word_1_265' title='bbox 455 2002 531 2056; x_wconf 84' lang='lat' dir='ltr'>asari</span> <span class='ocrx_word' id='word_1_266' title='bbox 546 2012 559 2040; x_wconf 78' lang='lat'>⁸</span> <span class='ocrx_word' id='word_1_267' title='bbox 574 2003 737 2073; x_wconf 84' lang='lat' dir='ltr'>cupiditate,</span> <span class='ocrx_word' id='word_1_268' title='bbox 752 2015 863 2071; x_wconf 89' lang='lat' dir='ltr'>puerum</span> <span class='ocrx_word' id='word_1_269' title='bbox 874 2010 980 2058; x_wconf 87' lang='lat' dir='ltr'>restan-</span> <span class='ocrx_word' id='word_1_270' title='bbox 1029 2010 1115 2058; x_wconf 86' lang='lat' dir='ltr'>catur.</span> <span class='ocrx_word' id='word_1_271' title='bbox 1134 2003 1216 2072; x_wconf 85' lang='lat' dir='ltr'>igitur</span> <span class='ocrx_word' id='word_1_272' title='bbox 1237 2005 1418 2069; x_wconf 76' lang='lat' dir='ltr'>invalescente</span> <span class='ocrx_word' id='word_1_273' title='bbox 1430 2009 1504 2064; x_wconf 85' lang='lat' dir='ltr'>letne</span> <span class='ocrx_word' id='word_1_274' title='bbox 1516 2049 1524 2075; x_wconf 87' lang='lat'>,</span> <span class='ocrx_word' id='word_1_275' title='bbox 1537 2012 1687 2079; x_wconf 74' lang='lat' dir='ltr'>prtielamat</span> <span class='ocrx_word' id='word_1_276' title='bbox 1700 2030 1731 2070; x_wconf 86' lang='lat' dir='ltr'>se</span> <span class='ocrx_word' id='word_1_277' title='bbox 1747 2016 1827 2070; x_wconf 79' lang='lat' dir='ltr'>misor</span> 
     </span>
     <span class='ocr_line' id='line_1_21' title="bbox 185 2092 1826 2172; baseline 0.005 -18"><span class='ocrx_word' id='word_1_278' title='bbox 185 2098 254 2154; x_wconf 82' lang='lat' dir='ltr'>rasit</span> <span class='ocrx_word' id='word_1_279' title='bbox 265 2097 437 2153; x_wconf 89' lang='lat' dir='ltr'>incolumem.</span> <span class='ocrx_word' id='word_1_280' title='bbox 455 2095 508 2152; x_wconf 86' lang='lat' dir='ltr'>Sed</span> <span class='ocrx_word' id='word_1_281' title='bbox 521 2095 590 2150; x_wconf 85' lang='lat' dir='ltr'>Deus</span> <span class='ocrx_word' id='word_1_282' title='bbox 605 2097 795 2164; x_wconf 83' lang='lat' dir='ltr'>omnipotens,</span> <span class='ocrx_word' id='word_1_283' title='bbox 807 2095 852 2163; x_wconf 86' lang='lat' dir='ltr'>qui</span> <span class='ocrx_word' id='word_1_284' title='bbox 870 2109 977 2163; x_wconf 83' lang='lat' dir='ltr'>perura—</span> <span class='ocrx_word' id='word_1_285' title='bbox 1029 2092 1137 2150; x_wconf 86' lang='lat' dir='ltr'>incendi</span> <span class='ocrx_word' id='word_1_286' title='bbox 1163 2111 1211 2164; x_wconf 87' lang='lat' dir='ltr'>per</span> <span class='ocrx_word' id='word_1_287' title='bbox 1226 2097 1386 2169; x_wconf 77' lang='lat' dir='ltr'>llartgrmn;</span> <span class='ocrx_word' id='word_1_288' title='bbox 1407 2109 1433 2155; x_wconf 87' lang='lat' dir='ltr'>et</span> <span class='ocrx_word' id='word_1_289' title='bbox 1445 2102 1516 2170; x_wconf 82' lang='lat' dir='ltr'>qood</span> <span class='ocrx_word' id='word_1_290' title='bbox 1532 2104 1619 2168; x_wconf 89' lang='lat' dir='ltr'>primo</span> <span class='ocrx_word' id='word_1_291' title='bbox 1628 2105 1745 2162; x_wconf 85' lang='lat' dir='ltr'>siluerat</span> <span class='ocrx_word' id='word_1_292' title='bbox 1759 2150 1768 2172; x_wconf 86' lang='lat'>‚</span> <span class='ocrx_word' id='word_1_293' title='bbox 1781 2111 1826 2166; x_wconf 84' lang='lat' dir='ltr'>ad-</span> 
     </span>
     <span class='ocr_line' id='line_1_22' title="bbox 185 2184 1822 2266; baseline 0.007 -22"><span class='ocrx_word' id='word_1_294' title='bbox 185 2184 913 2252; x_wconf 73' lang='lat' dir='ltr'>nctantesolem‚securrdnmbonibrtissuaetliuitias</span> <span class='ocrx_word' id='word_1_295' title='bbox 930 2185 981 2239; x_wconf 89' lang='lat' dir='ltr'>bn·</span> <span class='ocrx_word' id='word_1_296' title='bbox 1031 2185 1111 2241; x_wconf 91' lang='lat' dir='ltr'>motis</span> <span class='ocrx_word' id='word_1_297' title='bbox 1139 2186 1236 2244; x_wconf 82' lang='lat' dir='ltr'>animae</span> <span class='ocrx_word' id='word_1_298' title='bbox 1257 2187 1352 2257; x_wconf 77' lang='lat' dir='ltr'>judieii</span> <span class='ocrx_word' id='word_1_299' title='bbox 1382 2191 1496 2260; x_wconf 84' lang='lat' dir='ltr'>lacibus,</span> <span class='ocrx_word' id='word_1_300' title='bbox 1525 2197 1638 2252; x_wconf 84' lang='lat' dir='ltr'>erimina</span> <span class='ocrx_word' id='word_1_301' title='bbox 1668 2201 1822 2266; x_wconf 68' lang='lat' dir='ltr'>etritdtetnr,</span> 
     </span>
     <span class='ocr_line' id='line_1_23' title="bbox 184 2277 1827 2361; baseline 0.005 -26"><span class='ocrx_word' id='word_1_302' title='bbox 184 2280 297 2336; x_wconf 84' lang='lat' dir='ltr'>miliarit</span> <span class='ocrx_word' id='word_1_303' title='bbox 318 2280 548 2335; x_wconf 84' lang='lat' dir='ltr'>calumniatorem.</span> <span class='ocrx_word' id='word_1_304' title='bbox 572 2278 639 2334; x_wconf 78' lang='lat' dir='ltr'>Nam</span> <span class='ocrx_word' id='word_1_305' title='bbox 661 2278 744 2348; x_wconf 83' lang='lat' dir='ltr'>ipsine</span> <span class='ocrx_word' id='word_1_306' title='bbox 763 2279 826 2334; x_wconf 91' lang='lat' dir='ltr'>anni</span> <span class='ocrx_word' id='word_1_307' title='bbox 844 2288 978 2333; x_wconf 75' lang='lat' dir='ltr'>transuere</span> <span class='ocrx_word' id='word_1_308' title='bbox 1028 2277 1177 2348; x_wconf 66' lang='lat' dir='ltr'>laetarique</span> <span class='ocrx_word' id='word_1_309' title='bbox 1190 2292 1315 2346; x_wconf 87' lang='lat' dir='ltr'>superse</span> <span class='ocrx_word' id='word_1_310' title='bbox 1330 2295 1445 2351; x_wconf 82' lang='lat' dir='ltr'>aonam,</span> <span class='ocrx_word' id='word_1_311' title='bbox 1463 2300 1591 2356; x_wconf 74' lang='lat' dir='ltr'>torenna</span> <span class='ocrx_word' id='word_1_312' title='bbox 1606 2298 1721 2356; x_wconf 68' lang='lat' dir='ltr'>poterat,</span> <span class='ocrx_word' id='word_1_313' title='bbox 1734 2293 1827 2361; x_wconf 83' lang='lat' dir='ltr'>depre-</span> 
     </span>
     <span class='ocr_line' id='line_1_24' title="bbox 184 2366 1825 2450; baseline 0.003 -22"><span class='ocrx_word' id='word_1_314' title='bbox 184 2372 327 2434; x_wconf 82' lang='lat' dir='ltr'>curriculo,</span> <span class='ocrx_word' id='word_1_315' title='bbox 336 2371 446 2425; x_wconf 76' lang='lat' dir='ltr'>veniens</span> <span class='ocrx_word' id='word_1_316' title='bbox 460 2370 494 2424; x_wconf 90' lang='lat' dir='ltr'>ad</span> <span class='ocrx_word' id='word_1_317' title='bbox 508 2369 600 2425; x_wconf 62' lang='lat' dir='ltr'>Sancti</span> <span class='ocrx_word' id='word_1_318' title='bbox 614 2369 787 2425; x_wconf 78' lang='lat' dir='ltr'>testivitatem</span> <span class='ocrx_word' id='word_1_319' title='bbox 798 2384 858 2425; x_wconf 81' lang='lat' dir='ltr'>cmo</span> <span class='ocrx_word' id='word_1_320' title='bbox 869 2377 978 2425; x_wconf 84' lang='lat' dir='ltr'>caterva</span> <span class='ocrx_word' id='word_1_321' title='bbox 1029 2366 1149 2424; x_wconf 74' lang='lat' dir='ltr'>enitatur.</span> <span class='ocrx_word' id='word_1_322' title='bbox 1167 2369 1267 2426; x_wconf 85' lang='lat' dir='ltr'>beistis</span> <span class='ocrx_word' id='word_1_323' title='bbox 1282 2387 1389 2442; x_wconf 82' lang='lat' dir='ltr'>quoqne</span> <span class='ocrx_word' id='word_1_324' title='bbox 1411 2389 1471 2435; x_wconf 90' lang='lat' dir='ltr'>cum</span> <span class='ocrx_word' id='word_1_325' title='bbox 1493 2379 1603 2432; x_wconf 87' lang='lat' dir='ltr'>rasenlo</span> <span class='ocrx_word' id='word_1_326' title='bbox 1614 2380 1744 2450; x_wconf 78' lang='lat' dir='ltr'>lympnis,</span> <span class='ocrx_word' id='word_1_327' title='bbox 1761 2395 1788 2437; x_wconf 88' lang='lat' dir='ltr'>et</span> <span class='ocrx_word' id='word_1_328' title='bbox 1802 2387 1825 2437; x_wconf 84' lang='lat' dir='ltr'>tn</span> 
     </span>
     <span class='ocr_line' id='line_1_25' title="bbox 183 2457 1829 2535; baseline -0.001 -16"><span class='ocrx_word' id='word_1_329' title='bbox 183 2463 340 2527; x_wconf 79' lang='lat' dir='ltr'>satellitum,</span> <span class='ocrx_word' id='word_1_330' title='bbox 358 2462 496 2532; x_wconf 83' lang='lat' dir='ltr'>ingressos</span> <span class='ocrx_word' id='word_1_331' title='bbox 510 2469 552 2515; x_wconf 90' lang='lat' dir='ltr'>est</span> <span class='ocrx_word' id='word_1_332' title='bbox 565 2461 647 2517; x_wconf 91' lang='lat' dir='ltr'>limen</span> <span class='ocrx_word' id='word_1_333' title='bbox 662 2467 795 2515; x_wconf 77' lang='lat' dir='ltr'>sarri-urm.</span> <span class='ocrx_word' id='word_1_334' title='bbox 813 2457 979 2519; x_wconf 80' lang='lat' dir='ltr'>Procedente</span> <span class='ocrx_word' id='word_1_335' title='bbox 1030 2470 1093 2513; x_wconf 90' lang='lat' dir='ltr'>cum</span> <span class='ocrx_word' id='word_1_336' title='bbox 1118 2472 1192 2528; x_wconf 82' lang='lat' dir='ltr'>saepe</span> <span class='ocrx_word' id='word_1_337' title='bbox 1205 2458 1330 2529; x_wconf 81' lang='lat' dir='ltr'>dejectis,</span> <span class='ocrx_word' id='word_1_338' title='bbox 1359 2473 1487 2535; x_wconf 76' lang='lat' dir='ltr'>tanquan</span> <span class='ocrx_word' id='word_1_339' title='bbox 1499 2465 1534 2526; x_wconf 85' lang='lat' dir='ltr'>de</span> <span class='ocrx_word' id='word_1_340' title='bbox 1551 2467 1662 2531; x_wconf 68' lang='lat' dir='ltr'>tornaco</span> <span class='ocrx_word' id='word_1_341' title='bbox 1678 2473 1713 2526; x_wconf 69' lang='lat' dir='ltr'>tra</span> <span class='ocrx_word' id='word_1_342' title='bbox 1742 2473 1829 2527; x_wconf 67' lang='lat' dir='ltr'>[umus</span> 
     </span>
     <span class='ocr_line' id='line_1_26' title="bbox 183 2547 1828 2630; baseline 0.006 -21"><span class='ocrx_word' id='word_1_343' title='bbox 183 2570 248 2612; x_wconf 87' lang='lat' dir='ltr'>uero</span> <span class='ocrx_word' id='word_1_344' title='bbox 265 2554 365 2611; x_wconf 86' lang='lat' dir='ltr'>lectore</span> <span class='ocrx_word' id='word_1_345' title='bbox 378 2595 386 2616; x_wconf 88' lang='lat'>,</span> <span class='ocrx_word' id='word_1_346' title='bbox 401 2554 445 2620; x_wconf 82' lang='lat' dir='ltr'>oni</span> <span class='ocrx_word' id='word_1_347' title='bbox 465 2552 551 2606; x_wconf 81' lang='lat' dir='ltr'>beate</span> <span class='ocrx_word' id='word_1_348' title='bbox 569 2550 701 2620; x_wconf 87' lang='lat' dir='ltr'>passionis</span> <span class='ocrx_word' id='word_1_349' title='bbox 724 2560 876 2605; x_wconf 75' lang='lat' dir='ltr'>recenseret</span> <span class='ocrx_word' id='word_1_350' title='bbox 890 2550 978 2605; x_wconf 82' lang='lat' dir='ltr'>luistu-</span> <span class='ocrx_word' id='word_1_351' title='bbox 1033 2547 1221 2617; x_wconf 83' lang='lat' dir='ltr'>egrediebatur</span> <span class='ocrx_word' id='word_1_352' title='bbox 1234 2565 1250 2606; x_wconf 91' lang='lat' dir='ltr'>e</span> <span class='ocrx_word' id='word_1_353' title='bbox 1265 2565 1390 2623; x_wconf 83' lang='lat' dir='ltr'>corpore.</span> <span class='ocrx_word' id='word_1_354' title='bbox 1416 2556 1519 2614; x_wconf 87' lang='lat' dir='ltr'>interea</span> <span class='ocrx_word' id='word_1_355' title='bbox 1545 2561 1638 2616; x_wconf 83' lang='lat' dir='ltr'>miseri</span> <span class='ocrx_word' id='word_1_356' title='bbox 1663 2574 1755 2630; x_wconf 88' lang='lat' dir='ltr'>artus,</span> <span class='ocrx_word' id='word_1_357' title='bbox 1781 2581 1828 2621; x_wconf 84' lang='lat' dir='ltr'>ceu</span> 
     </span>
     <span class='ocr_line' id='line_1_27' title="bbox 183 2639 1828 2715; baseline 0.003 -10"><span class='ocrx_word' id='word_1_358' title='bbox 183 2650 261 2714; x_wconf 84' lang='lat' dir='ltr'>riam,</span> <span class='ocrx_word' id='word_1_359' title='bbox 279 2655 308 2702; x_wconf 90' lang='lat' dir='ltr'>ut</span> <span class='ocrx_word' id='word_1_360' title='bbox 323 2645 437 2702; x_wconf 76' lang='lat' dir='ltr'>resolvit</span> <span class='ocrx_word' id='word_1_361' title='bbox 460 2644 561 2700; x_wconf 85' lang='lat' dir='ltr'>librum</span> <span class='ocrx_word' id='word_1_362' title='bbox 574 2682 582 2708; x_wconf 87' lang='lat'>‚</span> <span class='ocrx_word' id='word_1_363' title='bbox 596 2654 624 2698; x_wconf 90' lang='lat' dir='ltr'>et</span> <span class='ocrx_word' id='word_1_364' title='bbox 648 2642 674 2698; x_wconf 91' lang='lat' dir='ltr'>in</span> <span class='ocrx_word' id='word_1_365' title='bbox 700 2640 833 2712; x_wconf 84' lang='lat' dir='ltr'>principio</span> <span class='ocrx_word' id='word_1_366' title='bbox 854 2640 979 2698; x_wconf 84' lang='lat' dir='ltr'>lectionis</span> <span class='ocrx_word' id='word_1_367' title='bbox 1030 2639 1163 2696; x_wconf 85' lang='lat' dir='ltr'>combusti</span> <span class='ocrx_word' id='word_1_368' title='bbox 1177 2682 1186 2707; x_wconf 81' lang='grc'><strong>,</strong></span> <span class='ocrx_word' id='word_1_369' title='bbox 1198 2643 1228 2699; x_wconf 94' lang='lat' dir='ltr'>in</span> <span class='ocrx_word' id='word_1_370' title='bbox 1246 2643 1412 2715; x_wconf 87' lang='lat' dir='ltr'>nigredinem</span> <span class='ocrx_word' id='word_1_371' title='bbox 1425 2661 1639 2715; x_wconf 72' lang='lat' dir='ltr'>consternatur,</span> <span class='ocrx_word' id='word_1_372' title='bbox 1654 2656 1727 2709; x_wconf 74' lang='lat' dir='ltr'>narde</span> <span class='ocrx_word' id='word_1_373' title='bbox 1740 2667 1828 2712; x_wconf 83' lang='lat' dir='ltr'>tantos</span> 
     </span>
     <span class='ocr_line' id='line_1_28' title="bbox 182 2730 1824 2815; baseline 0.002 -18"><span class='ocrx_word' id='word_1_374' title='bbox 182 2740 269 2797; x_wconf 81' lang='lat' dir='ltr'>saneti</span> <span class='ocrx_word' id='word_1_375' title='bbox 296 2736 396 2794; x_wconf 83' lang='lat' dir='ltr'>iuliani</span> <span class='ocrx_word' id='word_1_376' title='bbox 431 2735 547 2806; x_wconf 90' lang='lat' dir='ltr'>protulit</span> <span class='ocrx_word' id='word_1_377' title='bbox 576 2749 694 2802; x_wconf 75' lang='lat' dir='ltr'>nomen,</span> <span class='ocrx_word' id='word_1_378' title='bbox 724 2731 866 2790; x_wconf 85' lang='lat' dir='ltr'>cuniestim</span> <span class='ocrx_word' id='word_1_379' title='bbox 894 2732 979 2786; x_wconf 83' lang='lat' dir='ltr'>Becco</span> <span class='ocrx_word' id='word_1_380' title='bbox 1029 2730 1285 2801; x_wconf 68' lang='lat' dir='ltr'>procedentem,</span> <span class='ocrx_word' id='word_1_381' title='bbox 1302 2736 1433 2793; x_wconf 85' lang='lat' dir='ltr'>utuirde</span> <span class='ocrx_word' id='word_1_382' title='bbox 1449 2742 1601 2796; x_wconf 83' lang='lat' dir='ltr'>astarrtibus</span> <span class='ocrx_word' id='word_1_383' title='bbox 1619 2746 1824 2815; x_wconf 74' lang='lat' dir='ltr'>posseotaliqui</span> 
     </span>
     <span class='ocr_line' id='line_1_29' title="bbox 183 2802 1828 2898; baseline 0.004 -12"><span class='ocrx_word' id='word_1_384' title='bbox 183 2848 249 2888; x_wconf 85' lang='lat' dir='ltr'>uoce</span> <span class='ocrx_word' id='word_1_385' title='bbox 262 2831 354 2888; x_wconf 84' lang='lat' dir='ltr'>nescio</span> <span class='ocrx_word' id='word_1_386' title='bbox 368 2845 419 2898; x_wconf 79' lang='lat' dir='ltr'>ona</span> <span class='ocrx_word' id='word_1_387' title='bbox 436 2802 574 2884; x_wconf 71' lang='lat' dir='ltr'>teterrima</span> <span class='ocrx_word' id='word_1_388' title='bbox 586 2827 619 2881; x_wconf 90' lang='lat' dir='ltr'>ad</span> <span class='ocrx_word' id='word_1_389' title='bbox 633 2834 732 2880; x_wconf 81' lang='lat' dir='ltr'>terram</span> <span class='ocrx_word' id='word_1_390' title='bbox 747 2823 866 2886; x_wconf 80' lang='lat' dir='ltr'>mrrrdr.</span> <span class='ocrx_word' id='word_1_391' title='bbox 877 2836 978 2881; x_wconf 80' lang='lat' dir='ltr'>cruen-</span> <span class='ocrx_word' id='word_1_392' title='bbox 1031 2819 1158 2877; x_wconf 84' lang='lat' dir='ltr'>tolemre.</span> <span class='ocrx_word' id='word_1_393' title='bbox 1177 2821 1293 2881; x_wconf 87' lang='lat' dir='ltr'>innocus</span> <span class='ocrx_word' id='word_1_394' title='bbox 1305 2826 1377 2881; x_wconf 91' lang='lat' dir='ltr'>enim</span> <span class='ocrx_word' id='word_1_395' title='bbox 1392 2827 1492 2884; x_wconf 82' lang='lat' dir='ltr'>deliine</span> <span class='ocrx_word' id='word_1_396' title='bbox 1506 2847 1597 2898; x_wconf 80' lang='lat' dir='ltr'>martra,</span> <span class='ocrx_word' id='word_1_397' title='bbox 1614 2833 1715 2890; x_wconf 85' lang='lat' dir='ltr'>indicat</span> <span class='ocrx_word' id='word_1_398' title='bbox 1727 2851 1758 2893; x_wconf 89' lang='lat' dir='ltr'>se</span> <span class='ocrx_word' id='word_1_399' title='bbox 1769 2853 1828 2892; x_wconf 83' lang='lat' dir='ltr'>esse</span> 
     </span>
     <span class='ocr_line' id='line_1_30' title="bbox 182 2908 1828 2995; baseline -0.007 -14"><span class='ocrx_word' id='word_1_400' title='bbox 182 2934 264 2995; x_wconf 77' lang='lat' dir='ltr'>mque</span> <span class='ocrx_word' id='word_1_401' title='bbox 274 2936 402 2992; x_wconf 86' lang='lat' dir='ltr'>spuanans</span> <span class='ocrx_word' id='word_1_402' title='bbox 413 2920 478 2976; x_wconf 84' lang='lat' dir='ltr'>dare</span> <span class='ocrx_word' id='word_1_403' title='bbox 490 2933 573 2976; x_wconf 87' lang='lat' dir='ltr'>uoces</span> <span class='ocrx_word' id='word_1_404' title='bbox 585 2919 706 2982; x_wconf 81' lang='lat' dir='ltr'>diuersas</span> <span class='ocrx_word' id='word_1_405' title='bbox 716 2917 817 2988; x_wconf 86' lang='lat' dir='ltr'>coepit:</span> <span class='ocrx_word' id='word_1_406' title='bbox 833 2915 896 2971; x_wconf 89' lang='lat' dir='ltr'>inde</span> <span class='ocrx_word' id='word_1_407' title='bbox 907 2915 979 2970; x_wconf 90' lang='lat' dir='ltr'>inter</span> <span class='ocrx_word' id='word_1_408' title='bbox 1031 2908 1180 2978; x_wconf 85' lang='lat' dir='ltr'>leuiorem;</span> <span class='ocrx_word' id='word_1_409' title='bbox 1198 2928 1261 2969; x_wconf 82' lang='lat' dir='ltr'>mos</span> <span class='ocrx_word' id='word_1_410' title='bbox 1281 2914 1335 2972; x_wconf 87' lang='lat' dir='ltr'>illis</span> <span class='ocrx_word' id='word_1_411' title='bbox 1359 2917 1558 2988; x_wconf 83' lang='lat' dir='ltr'>recedentibus,</span> <span class='ocrx_word' id='word_1_412' title='bbox 1581 2923 1624 2977; x_wconf 88' lang='lat' dir='ltr'>bie</span> <span class='ocrx_word' id='word_1_413' title='bbox 1639 2925 1770 2993; x_wconf 67' lang='lat' dir='ltr'>optatum</span> <span class='ocrx_word' id='word_1_414' title='bbox 1784 2943 1828 2981; x_wconf 55' lang='grc' dir='ltr'>εχ.</span> 
     </span>
     <span class='ocr_line' id='line_1_31' title="bbox 181 3000 1828 3083; baseline 0.001 -11"><span class='ocrx_word' id='word_1_415' title='bbox 181 3030 294 3073; x_wconf 82' lang='lat' dir='ltr'>suortrm</span> <span class='ocrx_word' id='word_1_416' title='bbox 319 3027 414 3069; x_wconf 87' lang='lat' dir='ltr'>manus</span> <span class='ocrx_word' id='word_1_417' title='bbox 436 3009 556 3067; x_wconf 81' lang='lat' dir='ltr'>sublatus</span> <span class='ocrx_word' id='word_1_418' title='bbox 576 3025 591 3064; x_wconf 92' lang='lat' dir='ltr'>a</span> <span class='ocrx_word' id='word_1_419' title='bbox 608 3008 856 3076; x_wconf 85' lang='lat' dir='ltr'>basilica,dnmnm</span> <span class='ocrx_word' id='word_1_420' title='bbox 873 3004 977 3063; x_wconf 86' lang='lat' dir='ltr'>reduci-</span> <span class='ocrx_word' id='word_1_421' title='bbox 1030 3000 1143 3062; x_wconf 81' lang='lat' dir='ltr'>halavit.</span> <span class='ocrx_word' id='word_1_422' title='bbox 1159 3004 1197 3061; x_wconf 86' lang='lat' dir='ltr'>be</span> <span class='ocrx_word' id='word_1_423' title='bbox 1211 3021 1265 3076; x_wconf 88' lang='lat' dir='ltr'>quo</span> <span class='ocrx_word' id='word_1_424' title='bbox 1279 3006 1350 3063; x_wconf 86' lang='lat' dir='ltr'>baud</span> <span class='ocrx_word' id='word_1_425' title='bbox 1365 3009 1480 3078; x_wconf 87' lang='lat' dir='ltr'>dubium</span> <span class='ocrx_word' id='word_1_426' title='bbox 1495 3022 1538 3070; x_wconf 86' lang='lat' dir='ltr'>est</span> <span class='ocrx_word' id='word_1_427' title='bbox 1546 3016 1653 3083; x_wconf 82' lang='lat' dir='ltr'>qualem</span> <span class='ocrx_word' id='word_1_428' title='bbox 1670 3017 1726 3074; x_wconf 89' lang='lat' dir='ltr'>illic</span> <span class='ocrx_word' id='word_1_429' title='bbox 1740 3025 1828 3074; x_wconf 85' lang='lat' dir='ltr'>teneat</span> 
     </span>
     <span class='ocr_line' id='line_1_32' title="bbox 184 3089 1664 3174; baseline -0.004 -5"><span class='ocrx_word' id='word_1_430' title='bbox 184 3119 238 3169; x_wconf 78' lang='lat' dir='ltr'>bar.</span> <span class='ocrx_word' id='word_1_431' title='bbox 253 3108 308 3165; x_wconf 83' lang='lat' dir='ltr'>Nee</span> <span class='ocrx_word' id='word_1_432' title='bbox 323 3106 372 3162; x_wconf 85' lang='lat' dir='ltr'>luit</span> <span class='ocrx_word' id='word_1_433' title='bbox 385 3105 496 3161; x_wconf 87' lang='lat' dir='ltr'>dubium</span> <span class='ocrx_word' id='word_1_434' title='bbox 508 3103 600 3172; x_wconf 86' lang='lat' dir='ltr'>pueris</span> <span class='ocrx_word' id='word_1_435' title='bbox 610 3101 735 3171; x_wconf 78' lang='lat' dir='ltr'>ejuslrsee</span> <span class='ocrx_word' id='word_1_436' title='bbox 749 3101 783 3155; x_wconf 83' lang='lat' dir='ltr'>olr</span> <span class='ocrx_word' id='word_1_437' title='bbox 794 3097 920 3170; x_wconf 82' lang='lat' dir='ltr'>injuriam</span> <span class='ocrx_word' id='word_1_438' title='bbox 932 3097 977 3151; x_wconf 86' lang='lat' dir='ltr'>ba·</span> <span class='ocrx_word' id='word_1_439' title='bbox 993 3089 1016 3152; x_wconf 86' lang='lat' dir='ltr'>C</span> <span class='ocrx_word' id='word_1_440' title='bbox 1031 3092 1132 3165; x_wconf 74' lang='lat' dir='ltr'>lecum</span> <span class='ocrx_word' id='word_1_441' title='bbox 1145 3098 1193 3168; x_wconf 81' lang='lat' dir='ltr'>gui</span> <span class='ocrx_word' id='word_1_442' title='bbox 1205 3099 1268 3155; x_wconf 86' lang='lat' dir='ltr'>binc</span> <span class='ocrx_word' id='word_1_443' title='bbox 1281 3115 1342 3157; x_wconf 83' lang='lat' dir='ltr'>curu</span> <span class='ocrx_word' id='word_1_444' title='bbox 1358 3102 1405 3160; x_wconf 86' lang='lat' dir='ltr'>tali</span> <span class='ocrx_word' id='word_1_445' title='bbox 1419 3101 1664 3174; x_wconf 81' lang='lat' dir='ltr'>diicessitjudicio.</span> 
     </span>
    </p>
   </div>
   <div class='ocr_carea' id='block_1_3' title="bbox 176 3194 979 3631">
    <p class='ocr_par' dir='ltr' id='par_1_3' title="bbox 176 3194 979 3631">
     <span class='ocr_line' id='line_1_33' title="bbox 184 3194 977 3272; baseline -0.025 -11"><span class='ocrx_word' id='word_1_446' title='bbox 184 3202 298 3261; x_wconf 75' lang='lat' dir='ltr'>sitleam</span> <span class='ocrx_word' id='word_1_447' title='bbox 311 3200 393 3272; x_wconf 72' lang='lat'>062</span> <span class='ocrx_word' id='word_1_448' title='bbox 409 3196 500 3253; x_wconf 86' lang='lat' dir='ltr'>latnnli</span> <span class='ocrx_word' id='word_1_449' title='bbox 524 3194 647 3264; x_wconf 79' lang='lat' dir='ltr'>euenisse</span> <span class='ocrx_word' id='word_1_450' title='bbox 662 3211 669 3246; x_wconf 92' lang='lat'><strong>:</strong></span> <span class='ocrx_word' id='word_1_451' title='bbox 686 3207 793 3247; x_wconf 89' lang='lat' dir='ltr'>omnem</span> <span class='ocrx_word' id='word_1_452' title='bbox 805 3204 911 3261; x_wconf 82' lang='lat' dir='ltr'>quoque</span> <span class='ocrx_word' id='word_1_453' title='bbox 929 3203 977 3242; x_wconf 91' lang='lat' dir='ltr'>or-</span> 
     </span>
     <span class='ocr_line' id='line_1_34' title="bbox 184 3282 979 3363; baseline -0.024 -10"><span class='ocrx_word' id='word_1_454' title='bbox 184 3304 288 3359; x_wconf 85' lang='lat' dir='ltr'>uatum,</span> <span class='ocrx_word' id='word_1_455' title='bbox 301 3291 371 3363; x_wconf 83' lang='lat' dir='ltr'>quod</span> <span class='ocrx_word' id='word_1_456' title='bbox 386 3305 468 3360; x_wconf 86' lang='lat' dir='ltr'>super</span> <span class='ocrx_word' id='word_1_457' title='bbox 481 3303 511 3345; x_wconf 85' lang='lat' dir='ltr'>se</span> <span class='ocrx_word' id='word_1_458' title='bbox 525 3297 588 3342; x_wconf 89' lang='lat' dir='ltr'>tune</span> <span class='ocrx_word' id='word_1_459' title='bbox 603 3285 704 3351; x_wconf 77' lang='lat' dir='ltr'>lrabnit,</span> <span class='ocrx_word' id='word_1_460' title='bbox 722 3292 776 3340; x_wconf 87' lang='lat' dir='ltr'>tarn</span> <span class='ocrx_word' id='word_1_461' title='bbox 787 3282 979 3349; x_wconf 82' lang='lat' dir='ltr'>inanroquam</span> 
     </span>
     <span class='ocr_line' id='line_1_35' title="bbox 181 3372 978 3447; baseline -0.02 -6"><span class='ocrx_word' id='word_1_462' title='bbox 181 3388 213 3442; x_wconf 83' lang='lat' dir='ltr'>in</span> <span class='ocrx_word' id='word_1_463' title='bbox 235 3381 421 3447; x_wconf 86' lang='lat' dir='ltr'>uestimentis,</span> <span class='ocrx_word' id='word_1_464' title='bbox 436 3379 553 3436; x_wconf 78' lang='lat' dir='ltr'>basilice</span> <span class='ocrx_word' id='word_1_465' title='bbox 567 3376 697 3440; x_wconf 84' lang='lat' dir='ltr'>contulit,</span> <span class='ocrx_word' id='word_1_466' title='bbox 716 3383 745 3434; x_wconf 89' lang='lat' dir='ltr'>et</span> <span class='ocrx_word' id='word_1_467' title='bbox 758 3373 840 3431; x_wconf 84' lang='lat' dir='ltr'>stulta</span> <span class='ocrx_word' id='word_1_468' title='bbox 852 3372 978 3439; x_wconf 82' lang='lat' dir='ltr'>deinceps</span> 
     </span>
     <span class='ocr_line' id='line_1_36' title="bbox 185 3463 979 3539; baseline -0.021 -5"><span class='ocrx_word' id='word_1_469' title='bbox 185 3491 298 3534; x_wconf 86' lang='lat' dir='ltr'>munera</span> <span class='ocrx_word' id='word_1_470' title='bbox 319 3474 407 3539; x_wconf 90' lang='lat' dir='ltr'>misit;</span> <span class='ocrx_word' id='word_1_471' title='bbox 422 3470 470 3528; x_wconf 85' lang='lat' dir='ltr'>sed</span> <span class='ocrx_word' id='word_1_472' title='bbox 494 3468 628 3539; x_wconf 74' lang='lat' dir='ltr'>usquead</span> <span class='ocrx_word' id='word_1_473' title='bbox 651 3467 726 3526; x_wconf 88' lang='lat' dir='ltr'>diem</span> <span class='ocrx_word' id='word_1_474' title='bbox 749 3465 839 3522; x_wconf 87' lang='lat' dir='ltr'>obitus</span> <span class='ocrx_word' id='word_1_475' title='bbox 864 3466 906 3521; x_wconf 88' lang='lat' dir='ltr'>sui</span> <span class='ocrx_word' id='word_1_476' title='bbox 920 3463 979 3518; x_wconf 86' lang='lat' dir='ltr'>sine</span> 
     </span>
     <span class='ocr_line' id='line_1_37' title="bbox 176 3563 403 3631; baseline -0.035 -9"><span class='ocrx_word' id='word_1_477' title='bbox 176 3580 266 3631; x_wconf 59' lang='lat' dir='ltr'>,terrun</span> <span class='ocrx_word' id='word_1_478' title='bbox 287 3563 403 3619; x_wconf 85' lang='lat' dir='ltr'>durarit.</span> 
     </span>
    </p>
   </div>
   <div class='ocr_carea' id='block_1_4' title="bbox 309 3665 832 3851">
    <p class='ocr_par' dir='ltr' id='par_1_4' title="bbox 309 3665 832 3851">
     <span class='ocr_line' id='line_1_38' title="bbox 471 3665 690 3725; baseline -0.023 0"><span class='ocrx_word' id='word_1_479' title='bbox 471 3667 587 3725; x_wconf 79' lang='lat' dir='ltr'>caret</span> <span class='ocrx_word' id='word_1_480' title='bbox 607 3665 690 3722; x_wconf 81' lang='lat' dir='ltr'>lttltt.</span> 
     </span>
     <span class='ocr_line' id='line_1_39' title="bbox 309 3776 832 3851; baseline -0.015 -12"><span class='ocrx_word' id='word_1_481' title='bbox 309 3784 348 3839; x_wconf 83' lang='lat' dir='ltr'>De</span> <span class='ocrx_word' id='word_1_482' title='bbox 358 3785 466 3837; x_wconf 84' lang='lat' dir='ltr'>diacono</span> <span class='ocrx_word' id='word_1_483' title='bbox 477 3780 520 3851; x_wconf 80' lang='lat' dir='ltr'>grai</span> <span class='ocrx_word' id='word_1_484' title='bbox 531 3795 588 3833; x_wconf 87' lang='lat' dir='ltr'>ouer</span> <span class='ocrx_word' id='word_1_485' title='bbox 598 3778 710 3833; x_wconf 77' lang='lat' dir='ltr'>basilice</span> <span class='ocrx_word' id='word_1_486' title='bbox 718 3776 832 3831; x_wconf 82' lang='lat' dir='ltr'>abstulit.</span> 
     </span>
    </p>
   </div>
   <div class='ocr_carea' id='block_1_5' title="bbox 183 3888 978 4246">
    <p class='ocr_par' dir='ltr' id='par_1_5' title="bbox 183 3888 978 4246">
     <span class='ocr_line' id='line_1_40' title="bbox 218 3888 978 3970; baseline -0.017 -11"><span class='ocrx_word' id='word_1_487' title='bbox 218 3899 280 3959; x_wconf 83' lang='lat' dir='ltr'>Fuit</span> <span class='ocrx_word' id='word_1_488' title='bbox 295 3902 376 3957; x_wconf 84' lang='lat' dir='ltr'>etiam</span> <span class='ocrx_word' id='word_1_489' title='bbox 399 3895 508 3970; x_wconf 83' lang='lat' dir='ltr'>qnidam</span> <span class='ocrx_word' id='word_1_490' title='bbox 529 3894 657 3952; x_wconf 83' lang='lat' dir='ltr'>diaeonus</span> <span class='ocrx_word' id='word_1_491' title='bbox 671 3893 737 3966; x_wconf 82' lang='lat' dir='ltr'>qni,</span> <span class='ocrx_word' id='word_1_492' title='bbox 754 3893 874 3951; x_wconf 85' lang='lat' dir='ltr'>re&#39;ictam</span> <span class='ocrx_word' id='word_1_493' title='bbox 890 3888 978 3949; x_wconf 88' lang='lat' dir='ltr'>eccle·</span> 
     </span>
     <span class='ocr_line' id='line_1_41' title="bbox 183 3982 977 4061; baseline -0.018 -12"><span class='ocrx_word' id='word_1_494' title='bbox 183 3992 250 4048; x_wconf 87' lang='lat' dir='ltr'>siam</span> <span class='ocrx_word' id='word_1_495' title='bbox 261 3989 288 4061; x_wconf 70' lang='lat' dir='ltr'>b,</span> <span class='ocrx_word' id='word_1_496' title='bbox 304 3991 368 4046; x_wconf 80' lang='lat' dir='ltr'>lusco</span> <span class='ocrx_word' id='word_1_497' title='bbox 382 4004 412 4044; x_wconf 90' lang='lat' dir='ltr'>se</span> <span class='ocrx_word' id='word_1_498' title='bbox 427 3988 534 4060; x_wconf 91' lang='lat' dir='ltr'>publico</span> <span class='ocrx_word' id='word_1_499' title='bbox 547 3986 644 4059; x_wconf 85' lang='lat' dir='ltr'>junxit,</span> <span class='ocrx_word' id='word_1_500' title='bbox 657 3996 820 4057; x_wconf 80' lang='lat' dir='ltr'>acceptaque</span> <span class='ocrx_word' id='word_1_501' title='bbox 831 3999 846 4038; x_wconf 90' lang='lat' dir='ltr'>a</span> <span class='ocrx_word' id='word_1_502' title='bbox 858 3982 977 4055; x_wconf 87' lang='lat' dir='ltr'>patronis</span> 
     </span>
     <span class='ocr_line' id='line_1_42' title="bbox 184 4077 977 4158; baseline -0.014 -16"><span class='ocrx_word' id='word_1_503' title='bbox 184 4093 326 4158; x_wconf 82' lang='lat' dir='ltr'>potestate,</span> <span class='ocrx_word' id='word_1_504' title='bbox 343 4093 415 4139; x_wconf 88' lang='lat' dir='ltr'>tanta</span> <span class='ocrx_word' id='word_1_505' title='bbox 431 4082 601 4154; x_wconf 80' lang='lat' dir='ltr'>perpetrabat</span> <span class='ocrx_word' id='word_1_506' title='bbox 616 4081 734 4148; x_wconf 79' lang='lat' dir='ltr'>sceler-a,</span> <span class='ocrx_word' id='word_1_507' title='bbox 751 4091 779 4135; x_wconf 90' lang='lat' dir='ltr'>ut</span> <span class='ocrx_word' id='word_1_508' title='bbox 794 4077 839 4135; x_wconf 80' lang='lat' dir='ltr'>uix</span> <span class='ocrx_word' id='word_1_509' title='bbox 858 4088 948 4148; x_wconf 88' lang='lat' dir='ltr'>posset</span> <span class='ocrx_word' id='word_1_510' title='bbox 962 4091 977 4131; x_wconf 89' lang='lat' dir='ltr'>a</span> 
     </span>
     <span class='ocr_line' id='line_1_43' title="bbox 184 4173 978 4246; baseline -0.011 -12"><span class='ocrx_word' id='word_1_511' title='bbox 184 4180 280 4236; x_wconf 87' lang='lat' dir='ltr'>uicinis</span> <span class='ocrx_word' id='word_1_512' title='bbox 301 4176 498 4246; x_wconf 78' lang='lat' dir='ltr'>circumpositis</span> <span class='ocrx_word' id='word_1_513' title='bbox 523 4174 660 4232; x_wconf 86' lang='lat' dir='ltr'>sustineri.</span> <span class='ocrx_word' id='word_1_514' title='bbox 690 4173 794 4230; x_wconf 81' lang='lat' dir='ltr'>Accidit</span> <span class='ocrx_word' id='word_1_515' title='bbox 810 4181 899 4227; x_wconf 85' lang='lat' dir='ltr'>antem</span> <span class='ocrx_word' id='word_1_516' title='bbox 912 4187 978 4241; x_wconf 79' lang='lat' dir='ltr'>gtia-</span> 
     </span>
    </p>
   </div>
   <div class='ocr_carea' id='block_1_6' title="bbox 184 4265 978 4429">
    <p class='ocr_par' dir='ltr' id='par_1_6' title="bbox 184 4265 978 4429">
     <span class='ocr_line' id='line_1_44' title="bbox 185 4265 977 4331; baseline -0.014 -5"><span class='ocrx_word' id='word_1_517' title='bbox 185 4276 246 4326; x_wconf 89' lang='lat' dir='ltr'>dam</span> <span class='ocrx_word' id='word_1_518' title='bbox 272 4271 330 4325; x_wconf 82' lang='lat' dir='ltr'>vice</span> <span class='ocrx_word' id='word_1_519' title='bbox 345 4277 375 4323; x_wconf 88' lang='lat' dir='ltr'>ut</span> <span class='ocrx_word' id='word_1_520' title='bbox 398 4271 483 4324; x_wconf 86' lang='lat' dir='ltr'>saltus</span> <span class='ocrx_word' id='word_1_521' title='bbox 500 4277 676 4331; x_wconf 80' lang='lat' dir='ltr'>rittrntenses,</span> <span class='ocrx_word' id='word_1_522' title='bbox 693 4267 737 4321; x_wconf 89' lang='lat' dir='ltr'>ubi</span> <span class='ocrx_word' id='word_1_523' title='bbox 751 4266 784 4320; x_wconf 84' lang='lat' dir='ltr'>etl</span> <span class='ocrx_word' id='word_1_524' title='bbox 801 4265 977 4320; x_wconf 81' lang='lat' dir='ltr'>aestivandum</span> 
     </span>
     <span class='ocr_line' id='line_1_45' title="bbox 184 4359 978 4429; baseline -0.015 -8"><span class='ocrx_word' id='word_1_525' title='bbox 184 4380 251 4421; x_wconf 86' lang='lat' dir='ltr'>ures</span> <span class='ocrx_word' id='word_1_526' title='bbox 276 4365 418 4427; x_wconf 89' lang='lat' dir='ltr'>abierant,</span> <span class='ocrx_word' id='word_1_527' title='bbox 444 4361 621 4427; x_wconf 73' lang='lat' dir='ltr'>circumiret,</span> <span class='ocrx_word' id='word_1_528' title='bbox 644 4370 725 4429; x_wconf 88' lang='lat' dir='ltr'>atque</span> <span class='ocrx_word' id='word_1_529' title='bbox 739 4359 876 4428; x_wconf 85' lang='lat' dir='ltr'>pascuaria</span> <span class='ocrx_word' id='word_1_530' title='bbox 895 4368 978 4423; x_wconf 64' lang='lat' dir='ltr'>strom</span> 
     </span>
    </p>
   </div>
   <div class='ocr_carea' id='block_1_7' title="bbox 1066 3211 1823 3516">
    <p class='ocr_par' dir='ltr' id='par_1_7' title="bbox 1066 3211 1823 3516">
     <span class='ocr_line' id='line_1_46' title="bbox 1314 3211 1541 3272; baseline 0.009 -2"><span class='ocrx_word' id='word_1_531' title='bbox 1314 3211 1431 3272; x_wconf 77' lang='lat' dir='ltr'>caret</span> <span class='ocrx_word' id='word_1_532' title='bbox 1447 3217 1541 3272; x_wconf 76' lang='lat' dir='ltr'>tvttl.</span> 
     </span>
     <span class='ocr_line' id='line_1_47' title="bbox 1066 3323 1793 3405; baseline 0.015 -25"><span class='ocrx_word' id='word_1_533' title='bbox 1066 3323 1107 3380; x_wconf 76' lang='lat' dir='ltr'>lle</span> <span class='ocrx_word' id='word_1_534' title='bbox 1118 3341 1147 3381; x_wconf 88' lang='lat' dir='ltr'>eo</span> <span class='ocrx_word' id='word_1_535' title='bbox 1158 3328 1206 3398; x_wconf 84' lang='lat' dir='ltr'>gul</span> <span class='ocrx_word' id='word_1_536' title='bbox 1218 3326 1346 3383; x_wconf 84' lang='lat' dir='ltr'>cuballam</span> <span class='ocrx_word' id='word_1_537' title='bbox 1354 3329 1381 3384; x_wconf 88' lang='lat' dir='ltr'>in</span> <span class='ocrx_word' id='word_1_538' title='bbox 1392 3329 1481 3400; x_wconf 82' lang='lat' dir='ltr'>uigilia</span> <span class='ocrx_word' id='word_1_539' title='bbox 1495 3330 1607 3387; x_wconf 70' lang='grc' dir='ltr'>δοοοιιο</span> <span class='ocrx_word' id='word_1_540' title='bbox 1623 3337 1727 3405; x_wconf 70' lang='lat' dir='ltr'>furatus</span> <span class='ocrx_word' id='word_1_541' title='bbox 1744 3345 1793 3391; x_wconf 83' lang='lat' dir='ltr'>ear.</span> 
     </span>
     <span class='ocr_line' id='line_1_48' title="bbox 1068 3439 1823 3516; baseline 0.015 -24"><span class='ocrx_word' id='word_1_542' title='bbox 1068 3439 1144 3493; x_wconf 85' lang='lat' dir='ltr'>illins</span> <span class='ocrx_word' id='word_1_543' title='bbox 1157 3449 1247 3497; x_wconf 89' lang='lat' dir='ltr'>antem</span> <span class='ocrx_word' id='word_1_544' title='bbox 1262 3456 1311 3511; x_wconf 90' lang='lat' dir='ltr'>per</span> <span class='ocrx_word' id='word_1_545' title='bbox 1327 3443 1444 3514; x_wconf 84' lang='lat' dir='ltr'>vigiliam</span> <span class='ocrx_word' id='word_1_546' title='bbox 1459 3442 1612 3501; x_wconf 73' lang='lat' dir='ltr'>festivitatis</span> <span class='ocrx_word' id='word_1_547' title='bbox 1627 3462 1729 3516; x_wconf 68' lang='lat' dir='ltr'>munna</span> <span class='ocrx_word' id='word_1_548' title='bbox 1742 3449 1823 3505; x_wconf 90' lang='lat' dir='ltr'>alicu-</span> 
     </span>
    </p>
   </div>
   <div class='ocr_carea' id='block_1_8' title="bbox 1028 3529 1814 3698">
    <p class='ocr_par' dir='ltr' id='par_1_8' title="bbox 1028 3529 1814 3698">
     <span class='ocr_line' id='line_1_49' title="bbox 1028 3529 1814 3600; baseline 0.005 -16"><span class='ocrx_word' id='word_1_549' title='bbox 1028 3530 1094 3600; x_wconf 85' lang='lat' dir='ltr'>jus,</span> <span class='ocrx_word' id='word_1_550' title='bbox 1112 3531 1156 3600; x_wconf 85' lang='lat' dir='ltr'>qui</span> <span class='ocrx_word' id='word_1_551' title='bbox 1174 3544 1236 3585; x_wconf 85' lang='lat' dir='ltr'>turae</span> <span class='ocrx_word' id='word_1_552' title='bbox 1258 3529 1329 3588; x_wconf 86' lang='lat' dir='ltr'>iorte</span> <span class='ocrx_word' id='word_1_553' title='bbox 1342 3532 1376 3587; x_wconf 87' lang='lat' dir='ltr'>ad</span> <span class='ocrx_word' id='word_1_554' title='bbox 1396 3533 1519 3593; x_wconf 74' lang='lat' dir='ltr'>endon</span> <span class='ocrx_word' id='word_1_555' title='bbox 1533 3536 1734 3592; x_wconf 86' lang='lat' dir='ltr'>solemnitatem</span> <span class='ocrx_word' id='word_1_556' title='bbox 1748 3555 1814 3593; x_wconf 82' lang='lat' dir='ltr'>uene</span> 
     </span>
     <span class='ocr_line' id='line_1_50' title="bbox 1030 3620 1810 3698; baseline 0.008 -22"><span class='ocrx_word' id='word_1_557' title='bbox 1030 3630 1073 3676; x_wconf 87' lang='lat' dir='ltr'>rat</span> <span class='ocrx_word' id='word_1_558' title='bbox 1087 3661 1095 3688; x_wconf 87' lang='lat'>‚</span> <span class='ocrx_word' id='word_1_559' title='bbox 1113 3620 1182 3676; x_wconf 91' lang='lat' dir='ltr'>iurto</span> <span class='ocrx_word' id='word_1_560' title='bbox 1196 3622 1400 3692; x_wconf 81' lang='lat' dir='ltr'>comprehendit</span> <span class='ocrx_word' id='word_1_561' title='bbox 1412 3664 1420 3690; x_wconf 85' lang='grc'><strong>,</strong></span> <span class='ocrx_word' id='word_1_562' title='bbox 1434 3639 1600 3696; x_wconf 85' lang='lat' dir='ltr'>ascensoque</span> <span class='ocrx_word' id='word_1_563' title='bbox 1613 3627 1748 3682; x_wconf 82' lang='lat' dir='ltr'>velociter</span> <span class='ocrx_word' id='word_1_564' title='bbox 1763 3644 1810 3698; x_wconf 88' lang='lat' dir='ltr'>pro</span> 
     </span>
    </p>
   </div>
   <div class='ocr_carea' id='block_1_9' title="bbox 1031 3712 1826 4432">
    <p class='ocr_par' dir='ltr' id='par_1_9' title="bbox 1031 3712 1826 4432">
     <span class='ocr_line' id='line_1_51' title="bbox 1033 3712 1826 3786; baseline 0.015 -22"><span class='ocrx_word' id='word_1_565' title='bbox 1033 3721 1129 3782; x_wconf 90' lang='lat' dir='ltr'>perat:</span> <span class='ocrx_word' id='word_1_566' title='bbox 1155 3712 1258 3768; x_wconf 86' lang='lat' dir='ltr'>seilicet</span> <span class='ocrx_word' id='word_1_567' title='bbox 1280 3722 1309 3767; x_wconf 92' lang='lat' dir='ltr'>ut</span> <span class='ocrx_word' id='word_1_568' title='bbox 1335 3713 1380 3783; x_wconf 85' lang='lat' dir='ltr'>qui</span> <span class='ocrx_word' id='word_1_569' title='bbox 1408 3714 1497 3770; x_wconf 88' lang='lat' dir='ltr'>lumen</span> <span class='ocrx_word' id='word_1_570' title='bbox 1517 3712 1676 3786; x_wconf 86' lang='lat' dir='ltr'>perdiderat</span> <span class='ocrx_word' id='word_1_571' title='bbox 1693 3720 1826 3776; x_wconf 72' lang='lat' dir='ltr'>veritatis.</span> 
     </span>
     <span class='ocr_line' id='line_1_52' title="bbox 1031 3804 1825 3879; baseline 0.008 -20"><span class='ocrx_word' id='word_1_572' title='bbox 1031 3819 1084 3859; x_wconf 93' lang='lat' dir='ltr'>non</span> <span class='ocrx_word' id='word_1_573' title='bbox 1100 3804 1295 3860; x_wconf 87' lang='lat' dir='ltr'>inveniretnra</span> <span class='ocrx_word' id='word_1_574' title='bbox 1312 3805 1388 3873; x_wconf 86' lang='lat' dir='ltr'>luce,</span> <span class='ocrx_word' id='word_1_575' title='bbox 1411 3817 1439 3863; x_wconf 92' lang='lat' dir='ltr'>et</span> <span class='ocrx_word' id='word_1_576' title='bbox 1459 3806 1536 3877; x_wconf 76' lang='lat' dir='ltr'>culus</span> <span class='ocrx_word' id='word_1_577' title='bbox 1557 3819 1652 3879; x_wconf 79' lang='lat' dir='ltr'>pectam</span> <span class='ocrx_word' id='word_1_578' title='bbox 1671 3810 1825 3879; x_wconf 88' lang='lat' dir='ltr'>cupiditatis</span> 
     </span>
     <span class='ocr_line' id='line_1_53' title="bbox 1031 3896 1823 3970; baseline 0.004 -15"><span class='ocrx_word' id='word_1_579' title='bbox 1031 3897 1149 3956; x_wconf 82' lang='lat' dir='ltr'>tenebre</span> <span class='ocrx_word' id='word_1_580' title='bbox 1164 3896 1344 3968; x_wconf 81' lang='lat' dir='ltr'>obsederant,</span> <span class='ocrx_word' id='word_1_581' title='bbox 1360 3899 1419 3970; x_wconf 61' lang='lat' dir='ltr'>eius</span> <span class='ocrx_word' id='word_1_582' title='bbox 1433 3908 1460 3953; x_wconf 89' lang='lat' dir='ltr'>ct</span> <span class='ocrx_word' id='word_1_583' title='bbox 1473 3897 1598 3962; x_wconf 75' lang='lat' dir='ltr'>inaurem</span> <span class='ocrx_word' id='word_1_584' title='bbox 1616 3900 1823 3958; x_wconf 74' lang='lat' dir='ltr'>fraudulentiam</span> 
     </span>
     <span class='ocr_line' id='line_1_54' title="bbox 1031 3991 1822 4050; baseline 0.004 -3"><span class='ocrx_word' id='word_1_585' title='bbox 1031 4007 1083 4047; x_wconf 85' lang='lat' dir='ltr'>nox</span> <span class='ocrx_word' id='word_1_586' title='bbox 1106 3992 1217 4048; x_wconf 83' lang='lat' dir='ltr'>celaret.</span> <span class='ocrx_word' id='word_1_587' title='bbox 1237 3991 1274 4047; x_wconf 83' lang='lat' dir='ltr'>lle</span> <span class='ocrx_word' id='word_1_588' title='bbox 1294 3992 1390 4047; x_wconf 80' lang='lat' dir='ltr'>talibus</span> <span class='ocrx_word' id='word_1_589' title='bbox 1420 3994 1492 4049; x_wconf 87' lang='lat' dir='ltr'>enim</span> <span class='ocrx_word' id='word_1_590' title='bbox 1514 3993 1643 4049; x_wconf 75' lang='lat' dir='ltr'>Dominus</span> <span class='ocrx_word' id='word_1_591' title='bbox 1670 3994 1779 4050; x_wconf 66' lang='lat' dir='ltr'>dicerni</span> <span class='ocrx_word' id='word_1_592' title='bbox 1799 3998 1822 4049; x_wconf 87' lang='lat' dir='ltr'>io</span> 
     </span>
     <span class='ocr_line' id='line_1_55' title="bbox 1031 4084 1821 4159; baseline 0.001 -19"><span class='ocrx_word' id='word_1_593' title='bbox 1031 4084 1177 4157; x_wconf 82' lang='lat' dir='ltr'>Evangelio</span> <span class='ocrx_word' id='word_1_594' title='bbox 1190 4106 1198 4140; x_wconf 73' lang='grc' dir='ltr'><em>τ</em></span> <span class='ocrx_word' id='word_1_595' title='bbox 1220 4085 1309 4140; x_wconf 73' lang='lat' dir='ltr'>tinne</span> <span class='ocrx_word' id='word_1_596' title='bbox 1334 4087 1379 4155; x_wconf 87' lang='lat' dir='ltr'>qni</span> <span class='ocrx_word' id='word_1_597' title='bbox 1402 4086 1469 4141; x_wconf 85' lang='lat' dir='ltr'>mule</span> <span class='ocrx_word' id='word_1_598' title='bbox 1487 4088 1556 4159; x_wconf 76' lang='lat' dir='ltr'>opit,</span> <span class='ocrx_word' id='word_1_599' title='bbox 1569 4089 1624 4141; x_wconf 85' lang='lat' dir='ltr'>odit</span> <span class='ocrx_word' id='word_1_600' title='bbox 1636 4088 1721 4143; x_wconf 84' lang='lat' dir='ltr'>lucem</span> <span class='ocrx_word' id='word_1_601' title='bbox 1735 4088 1821 4158; x_wconf 81' lang='lat' dir='ltr'>(Joon.</span> 
     </span>
     <span class='ocr_line' id='line_1_56' title="bbox 1032 4177 1824 4251; baseline 0.004 -19"><span class='ocrx_word' id='word_1_602' title='bbox 1032 4193 1072 4240; x_wconf 80' lang='lat' dir='ltr'>in.</span> <span class='ocrx_word' id='word_1_603' title='bbox 1088 4177 1149 4248; x_wconf 75' lang='lat' dir='ltr'>su).</span> <span class='ocrx_word' id='word_1_604' title='bbox 1165 4178 1325 4234; x_wconf 77' lang='lat' dir='ltr'>albescente</span> <span class='ocrx_word' id='word_1_605' title='bbox 1346 4179 1426 4251; x_wconf 81' lang='lat' dir='ltr'>igitur</span> <span class='ocrx_word' id='word_1_606' title='bbox 1440 4180 1509 4236; x_wconf 86' lang='lat' dir='ltr'>coelo</span> <span class='ocrx_word' id='word_1_607' title='bbox 1529 4179 1656 4236; x_wconf 87' lang='lat' dir='ltr'>dicebat:</span> <span class='ocrx_word' id='word_1_608' title='bbox 1673 4181 1734 4239; x_wconf 80' lang='lat' dir='ltr'>iarn</span> <span class='ocrx_word' id='word_1_609' title='bbox 1752 4198 1824 4238; x_wconf 86' lang='lat' dir='ltr'>scen·</span> 
     </span>
     <span class='ocr_line' id='line_1_57' title="bbox 1031 4271 1823 4346; baseline 0.001 -21"><span class='ocrx_word' id='word_1_610' title='bbox 1031 4285 1076 4325; x_wconf 86' lang='lat' dir='ltr'>rns</span> <span class='ocrx_word' id='word_1_611' title='bbox 1088 4286 1159 4335; x_wconf 87' lang='lat' dir='ltr'>snm,</span> <span class='ocrx_word' id='word_1_612' title='bbox 1175 4285 1236 4324; x_wconf 91' lang='lat' dir='ltr'>nam</span> <span class='ocrx_word' id='word_1_613' title='bbox 1260 4271 1367 4346; x_wconf 87' lang='lat' dir='ltr'>triginta</span> <span class='ocrx_word' id='word_1_614' title='bbox 1390 4271 1480 4327; x_wconf 86' lang='lat' dir='ltr'>leucas</span> <span class='ocrx_word' id='word_1_615' title='bbox 1495 4271 1613 4328; x_wconf 84' lang='lat' dir='ltr'>aSuneti</span> <span class='ocrx_word' id='word_1_616' title='bbox 1630 4272 1823 4328; x_wconf 80' lang='lat' dir='ltr'>basilicaelnn·</span> 
     </span>
     <span class='ocr_line' id='line_1_58' title="bbox 1031 4361 1823 4432; baseline 0.006 -18"><span class='ocrx_word' id='word_1_617' title='bbox 1031 4372 1109 4432; x_wconf 86' lang='lat' dir='ltr'>gatus</span> <span class='ocrx_word' id='word_1_618' title='bbox 1134 4375 1204 4430; x_wconf 86' lang='lat' dir='ltr'>suro,</span> <span class='ocrx_word' id='word_1_619' title='bbox 1227 4361 1281 4431; x_wconf 82' lang='lat' dir='ltr'>iam</span> <span class='ocrx_word' id='word_1_620' title='bbox 1310 4376 1387 4416; x_wconf 87' lang='lat' dir='ltr'>secus</span> <span class='ocrx_word' id='word_1_621' title='bbox 1402 4364 1539 4432; x_wconf 87' lang='lat' dir='ltr'>propriam</span> <span class='ocrx_word' id='word_1_622' title='bbox 1565 4365 1675 4418; x_wconf 70' lang='lat' dir='ltr'>donnum</span> <span class='ocrx_word' id='word_1_623' title='bbox 1695 4378 1759 4418; x_wconf 87' lang='lat' dir='ltr'>esse</span> <span class='ocrx_word' id='word_1_624' title='bbox 1784 4379 1823 4418; x_wconf 88' lang='lat' dir='ltr'>mc</span> 
     </span>
    </p>
   </div>
   <div class='ocr_carea' id='block_1_10' title="bbox 185 4448 1824 4527">
    <p class='ocr_par' dir='ltr' id='par_1_10' title="bbox 185 4448 1824 4527">
     <span class='ocr_line' id='line_1_59' title="bbox 185 4448 1824 4527; baseline -0.003 -15"><span class='ocrx_word' id='word_1_625' title='bbox 185 4459 250 4513; x_wconf 82' lang='lat' dir='ltr'>ineo</span> <span class='ocrx_word' id='word_1_626' title='bbox 265 4456 431 4510; x_wconf 87' lang='lat' dir='ltr'>debebantur</span> <span class='ocrx_word' id='word_1_627' title='bbox 456 4452 612 4521; x_wconf 82' lang='lat' dir='ltr'>inquireret.</span> <span class='ocrx_word' id='word_1_628' title='bbox 639 4448 759 4519; x_wconf 83' lang='lat' dir='ltr'>Cumque</span> <span class='ocrx_word' id='word_1_629' title='bbox 778 4448 901 4502; x_wconf 78' lang='lat' dir='ltr'>diversos</span> <span class='ocrx_word' id='word_1_630' title='bbox 914 4461 977 4515; x_wconf 88' lang='lat' dir='ltr'>spo·</span> <span class='ocrx_word' id='word_1_631' title='bbox 991 4467 1017 4527; x_wconf 70' lang='grc' dir='ltr'><strong>υ</strong></span> <span class='ocrx_word' id='word_1_632' title='bbox 1031 4453 1122 4506; x_wconf 88' lang='lat' dir='ltr'>credo.</span> <span class='ocrx_word' id='word_1_633' title='bbox 1139 4452 1206 4506; x_wconf 82' lang='lat' dir='ltr'>Doto</span> <span class='ocrx_word' id='word_1_634' title='bbox 1221 4453 1278 4508; x_wconf 78' lang='lat' dir='ltr'>lucc</span> <span class='ocrx_word' id='word_1_635' title='bbox 1293 4454 1392 4507; x_wconf 89' lang='lat' dir='ltr'>tacitns</span> <span class='ocrx_word' id='word_1_636' title='bbox 1404 4454 1553 4508; x_wconf 80' lang='lat' dir='ltr'>revolveret</span> <span class='ocrx_word' id='word_1_637' title='bbox 1568 4453 1636 4508; x_wconf 84' lang='lat' dir='ltr'>inira</span> <span class='ocrx_word' id='word_1_638' title='bbox 1653 4456 1824 4520; x_wconf 71' lang='lat' dir='ltr'>sedemus</span> 
     </span>
    </p>
   </div>
   <div class='ocr_carea' id='block_1_11' title="bbox 148 4539 976 5350">
    <p class='ocr_par' dir='ltr' id='par_1_11' title="bbox 148 4539 976 5350">
     <span class='ocr_line' id='line_1_60' title="bbox 183 4539 976 4615; baseline -0.014 -11"><span class='ocrx_word' id='word_1_639' title='bbox 183 4549 261 4604; x_wconf 88' lang='lat' dir='ltr'>liaret</span> <span class='ocrx_word' id='word_1_640' title='bbox 276 4547 394 4615; x_wconf 85' lang='lat' dir='ltr'>injuste.</span> <span class='ocrx_word' id='word_1_641' title='bbox 410 4545 544 4611; x_wconf 86' lang='lat' dir='ltr'>conspicit</span> <span class='ocrx_word' id='word_1_642' title='bbox 555 4541 660 4599; x_wconf 86' lang='lat' dir='ltr'>eminus</span> <span class='ocrx_word' id='word_1_643' title='bbox 682 4553 777 4610; x_wconf 88' lang='lat' dir='ltr'>greges</span> <span class='ocrx_word' id='word_1_644' title='bbox 791 4539 837 4609; x_wconf 83' lang='lat' dir='ltr'>qni</span> <span class='ocrx_word' id='word_1_645' title='bbox 849 4549 912 4592; x_wconf 92' lang='lat' dir='ltr'>tunc</span> <span class='ocrx_word' id='word_1_646' title='bbox 927 4541 976 4594; x_wconf 89' lang='lat' dir='ltr'>snb</span> 
     </span>
     <span class='ocr_line' id='line_1_61' title="bbox 182 4629 976 4704; baseline -0.01 -12"><span class='ocrx_word' id='word_1_647' title='bbox 182 4636 293 4692; x_wconf 88' lang='lat' dir='ltr'>nomine</span> <span class='ocrx_word' id='word_1_648' title='bbox 308 4633 432 4704; x_wconf 79' lang='lat' dir='ltr'>llartyris</span> <span class='ocrx_word' id='word_1_649' title='bbox 448 4631 610 4695; x_wconf 88' lang='lat' dir='ltr'>tuebantur,</span> <span class='ocrx_word' id='word_1_650' title='bbox 626 4629 659 4683; x_wconf 89' lang='lat' dir='ltr'>ad</span> <span class='ocrx_word' id='word_1_651' title='bbox 670 4643 738 4699; x_wconf 79' lang='lat' dir='ltr'>quos</span> <span class='ocrx_word' id='word_1_652' title='bbox 753 4629 804 4684; x_wconf 86' lang='lat' dir='ltr'>leri</span> <span class='ocrx_word' id='word_1_653' title='bbox 819 4643 898 4685; x_wconf 86' lang='lat' dir='ltr'>cursu</span> <span class='ocrx_word' id='word_1_654' title='bbox 912 4645 976 4684; x_wconf 83' lang='lat' dir='ltr'>eto·</span> 
     </span>
     <span class='ocr_line' id='line_1_62' title="bbox 181 4716 975 4795; baseline -0.009 -14"><span class='ocrx_word' id='word_1_655' title='bbox 181 4726 251 4790; x_wconf 84' lang='lat' dir='ltr'>lans,</span> <span class='ocrx_word' id='word_1_656' title='bbox 268 4716 392 4795; x_wconf 74' lang='lat' dir='ltr'>tanlquam</span> <span class='ocrx_word' id='word_1_657' title='bbox 408 4723 487 4791; x_wconf 87' lang='lat' dir='ltr'>lopus</span> <span class='ocrx_word' id='word_1_658' title='bbox 500 4733 582 4787; x_wconf 83' lang='lat' dir='ltr'>rapas</span> <span class='ocrx_word' id='word_1_659' title='bbox 592 4720 685 4789; x_wconf 86' lang='lat' dir='ltr'>diripit</span> <span class='ocrx_word' id='word_1_660' title='bbox 697 4720 805 4774; x_wconf 87' lang='lat' dir='ltr'>arietes.</span> <span class='ocrx_word' id='word_1_661' title='bbox 814 4719 975 4776; x_wconf 77' lang='lat' dir='ltr'>Conunlrati</span> 
     </span>
     <span class='ocr_line' id='line_1_63' title="bbox 181 4808 975 4888; baseline -0.009 -16"><span class='ocrx_word' id='word_1_662' title='bbox 181 4827 262 4888; x_wconf 82' lang='lat' dir='ltr'>atque</span> <span class='ocrx_word' id='word_1_663' title='bbox 276 4813 397 4872; x_wconf 76' lang='lat' dir='ltr'>exterriti</span> <span class='ocrx_word' id='word_1_664' title='bbox 412 4820 533 4882; x_wconf 84' lang='lat' dir='ltr'>pastores</span> <span class='ocrx_word' id='word_1_665' title='bbox 545 4808 652 4876; x_wconf 86' lang='lat' dir='ltr'>ouium,</span> <span class='ocrx_word' id='word_1_666' title='bbox 667 4809 761 4864; x_wconf 87' lang='lat' dir='ltr'>dicunt</span> <span class='ocrx_word' id='word_1_667' title='bbox 773 4809 798 4864; x_wconf 93' lang='lat' dir='ltr'>ei</span> <span class='ocrx_word' id='word_1_668' title='bbox 816 4828 822 4864; x_wconf 93' lang='lat'><strong>:</strong></span> <span class='ocrx_word' id='word_1_669' title='bbox 836 4809 890 4875; x_wconf 86' lang='lat' dir='ltr'>Ne,</span> <span class='ocrx_word' id='word_1_670' title='bbox 902 4825 975 4882; x_wconf 78' lang='lat' dir='ltr'>gire·</span> 
     </span>
     <span class='ocr_line' id='line_1_64' title="bbox 148 4891 974 4980; baseline -0.008 -15"><span class='ocrx_word' id='word_1_671' title='bbox 148 4958 165 4980; x_wconf 29' lang='grc' dir='ltr'>κ</span> <span class='ocrx_word' id='word_1_672' title='bbox 181 4891 284 4974; x_wconf 81' lang='lat' dir='ltr'>sumus,</span> <span class='ocrx_word' id='word_1_673' title='bbox 301 4906 442 4975; x_wconf 88' lang='lat' dir='ltr'>contingas</span> <span class='ocrx_word' id='word_1_674' title='bbox 470 4908 519 4960; x_wconf 80' lang='lat' dir='ltr'>ltus</span> <span class='ocrx_word' id='word_1_675' title='bbox 532 4902 642 4969; x_wconf 86' lang='lat' dir='ltr'>arietes,</span> <span class='ocrx_word' id='word_1_676' title='bbox 670 4899 733 4972; x_wconf 85' lang='lat' dir='ltr'>quia</span> <span class='ocrx_word' id='word_1_677' title='bbox 748 4901 820 4957; x_wconf 87' lang='lat' dir='ltr'>beati</span> <span class='ocrx_word' id='word_1_678' title='bbox 848 4904 974 4973; x_wconf 81' lang='lat' dir='ltr'>nrurtyris</span> 
     </span>
     <span class='ocr_line' id='line_1_65' title="bbox 181 4993 976 5066; baseline -0.008 -11"><span class='ocrx_word' id='word_1_679' title='bbox 181 4999 281 5055; x_wconf 83' lang='lat' dir='ltr'>lobeni</span> <span class='ocrx_word' id='word_1_680' title='bbox 294 4997 413 5054; x_wconf 86' lang='lat' dir='ltr'>dominio</span> <span class='ocrx_word' id='word_1_681' title='bbox 425 4994 558 5066; x_wconf 83' lang='lat' dir='ltr'>subjugati</span> <span class='ocrx_word' id='word_1_682' title='bbox 584 5002 658 5049; x_wconf 86' lang='lat' dir='ltr'>sunl.</span> <span class='ocrx_word' id='word_1_683' title='bbox 674 4994 776 5062; x_wconf 76' lang='lat' dir='ltr'>Quibus</span> <span class='ocrx_word' id='word_1_684' title='bbox 790 4995 836 5050; x_wconf 90' lang='lat' dir='ltr'>ille</span> <span class='ocrx_word' id='word_1_685' title='bbox 850 4993 906 5051; x_wconf 78' lang='lat' dir='ltr'>bare</span> <span class='ocrx_word' id='word_1_686' title='bbox 916 4995 976 5049; x_wconf 85' lang='lat' dir='ltr'>irri-</span> 
     </span>
     <span class='ocr_line' id='line_1_66' title="bbox 183 5087 976 5161; baseline -0.003 -15"><span class='ocrx_word' id='word_1_687' title='bbox 183 5092 250 5148; x_wconf 85' lang='lat' dir='ltr'>dens</span> <span class='ocrx_word' id='word_1_688' title='bbox 274 5090 447 5161; x_wconf 84' lang='lat' dir='ltr'>respondisse</span> <span class='ocrx_word' id='word_1_689' title='bbox 475 5089 558 5145; x_wconf 88' lang='lat' dir='ltr'>lertur</span> <span class='ocrx_word' id='word_1_690' title='bbox 585 5103 593 5143; x_wconf 83' lang='lat' dir='ltr'>a</span> <span class='ocrx_word' id='word_1_691' title='bbox 622 5087 741 5145; x_wconf 81' lang='lat' dir='ltr'>Putasne</span> <span class='ocrx_word' id='word_1_692' title='bbox 764 5089 825 5161; x_wconf 81' lang='lat' dir='ltr'>qirlr</span> <span class='ocrx_word' id='word_1_693' title='bbox 855 5089 976 5145; x_wconf 82' lang='lat' dir='ltr'>lulianus</span> 
     </span>
     <span class='ocr_line' id='line_1_67' title="bbox 182 5181 974 5252; baseline -0.004 -10"><span class='ocrx_word' id='word_1_694' title='bbox 182 5184 302 5242; x_wconf 88' lang='lat' dir='ltr'>eomedit</span> <span class='ocrx_word' id='word_1_695' title='bbox 325 5183 445 5240; x_wconf 78' lang='lat' dir='ltr'>arietes?</span> <span class='ocrx_word' id='word_1_696' title='bbox 463 5181 567 5238; x_wconf 81' lang='lat' dir='ltr'>Dehinc</span> <span class='ocrx_word' id='word_1_697' title='bbox 594 5181 661 5252; x_wconf 85' lang='lat' dir='ltr'>ipsis</span> <span class='ocrx_word' id='word_1_698' title='bbox 686 5182 845 5239; x_wconf 86' lang='lat' dir='ltr'>uerberibus</span> <span class='ocrx_word' id='word_1_699' title='bbox 860 5181 974 5248; x_wconf 82' lang='lat' dir='ltr'>allectis,</span> 
     </span>
     <span class='ocr_line' id='line_1_68' title="bbox 181 5275 975 5350; baseline -0.004 -17"><span class='ocrx_word' id='word_1_700' title='bbox 181 5291 244 5350; x_wconf 80' lang='lat' dir='ltr'>quae</span> <span class='ocrx_word' id='word_1_701' title='bbox 270 5275 355 5332; x_wconf 83' lang='lat' dir='ltr'>uoluit</span> <span class='ocrx_word' id='word_1_702' title='bbox 375 5275 508 5331; x_wconf 87' lang='lat' dir='ltr'>abstulit:</span> <span class='ocrx_word' id='word_1_703' title='bbox 527 5277 654 5347; x_wconf 84' lang='lat' dir='ltr'>ignoraus</span> <span class='ocrx_word' id='word_1_704' title='bbox 681 5275 763 5333; x_wconf 81' lang='lat' dir='ltr'>miser</span> <span class='ocrx_word' id='word_1_705' title='bbox 785 5275 858 5346; x_wconf 73' lang='lat' dir='ltr'>quod</span> <span class='ocrx_word' id='word_1_706' title='bbox 879 5275 975 5344; x_wconf 83' lang='lat' dir='ltr'>quide</span> 
     </span>
    </p>
   </div>
   <div class='ocr_carea' id='block_1_12' title="bbox 179 5405 976 5761">
    <p class='ocr_par' dir='ltr' id='par_1_12' title="bbox 217 5405 885 5473">
     <span class='ocr_line' id='line_1_69' title="bbox 217 5405 885 5473; baseline 0.003 -10"><span class='ocrx_word' id='word_1_707' title='bbox 217 5416 232 5450; x_wconf 74' lang='lat'>⁸</span> <span class='ocrx_word' id='word_1_708' title='bbox 246 5407 293 5464; x_wconf 86' lang='lat' dir='ltr'>Sic</span> <span class='ocrx_word' id='word_1_709' title='bbox 302 5406 395 5463; x_wconf 81' lang='lat' dir='ltr'>Germ.</span> <span class='ocrx_word' id='word_1_710' title='bbox 407 5405 477 5471; x_wconf 78' lang='lat' dir='ltr'>etti,</span> <span class='ocrx_word' id='word_1_711' title='bbox 490 5408 558 5461; x_wconf 88' lang='lat' dir='ltr'>ouri.</span> <span class='ocrx_word' id='word_1_712' title='bbox 573 5406 651 5462; x_wconf 86' lang='lat' dir='ltr'>llsrt.</span> <span class='ocrx_word' id='word_1_713' title='bbox 667 5419 693 5464; x_wconf 90' lang='lat' dir='ltr'>et</span> <span class='ocrx_word' id='word_1_714' title='bbox 705 5405 795 5473; x_wconf 74' lang='lat' dir='ltr'>Geni..</span> <span class='ocrx_word' id='word_1_715' title='bbox 808 5424 885 5464; x_wconf 82' lang='lat' dir='ltr'>aare.</span> 
     </span>
    </p>

    <p class='ocr_par' dir='ltr' id='par_1_13' title="bbox 179 5475 975 5618">
     <span class='ocr_line' id='line_1_70' title="bbox 216 5475 975 5545; baseline 0.001 -11"><span class='ocrx_word' id='word_1_716' title='bbox 216 5478 355 5543; x_wconf 71' lang='lat' dir='ltr'>bGerar..</span> <span class='ocrx_word' id='word_1_717' title='bbox 369 5477 458 5532; x_wconf 79' lang='lat' dir='ltr'>relicto</span> <span class='ocrx_word' id='word_1_718' title='bbox 480 5477 656 5541; x_wconf 68' lang='lat' dir='ltr'>ecclesinsutl</span> <span class='ocrx_word' id='word_1_719' title='bbox 676 5475 820 5545; x_wconf 86' lang='lat' dir='ltr'>Gregorius</span> <span class='ocrx_word' id='word_1_720' title='bbox 830 5480 975 5535; x_wconf 88' lang='lat' dir='ltr'>accusandi</span> 
     </span>
     <span class='ocr_line' id='line_1_71' title="bbox 179 5547 687 5618; baseline -0.012 -11"><span class='ocrx_word' id='word_1_721' title='bbox 179 5563 274 5607; x_wconf 79' lang='lat' dir='ltr'>casum</span> <span class='ocrx_word' id='word_1_722' title='bbox 294 5547 392 5618; x_wconf 83' lang='lat' dir='ltr'>passim</span> <span class='ocrx_word' id='word_1_723' title='bbox 408 5549 467 5603; x_wconf 88' lang='lat' dir='ltr'>loeo</span> <span class='ocrx_word' id='word_1_724' title='bbox 480 5549 550 5602; x_wconf 81' lang='lat' dir='ltr'>serti</span> <span class='ocrx_word' id='word_1_725' title='bbox 564 5547 687 5603; x_wconf 87' lang='lat' dir='ltr'>assumit.</span> 
     </span>
    </p>

    <p class='ocr_par' dir='ltr' id='par_1_14' title="bbox 182 5616 976 5761">
     <span class='ocr_line' id='line_1_72' title="bbox 218 5616 976 5691; baseline -0.001 -17"><span class='ocrx_word' id='word_1_726' title='bbox 218 5617 424 5675; x_wconf 82' lang='lat' dir='ltr'>·l’asenarium</span> <span class='ocrx_word' id='word_1_727' title='bbox 439 5618 535 5672; x_wconf 87' lang='lat' dir='ltr'>dieitur</span> <span class='ocrx_word' id='word_1_728' title='bbox 553 5616 667 5682; x_wconf 85' lang='lat' dir='ltr'>uectigal</span> <span class='ocrx_word' id='word_1_729' title='bbox 689 5633 723 5675; x_wconf 84' lang='lat' dir='ltr'>ex</span> <span class='ocrx_word' id='word_1_730' title='bbox 746 5619 901 5676; x_wconf 77' lang='lat' dir='ltr'>animalium</span> <span class='ocrx_word' id='word_1_731' title='bbox 929 5637 976 5691; x_wconf 89' lang='lat' dir='ltr'>pa·</span> 
     </span>
     <span class='ocr_line' id='line_1_73' title="bbox 182 5687 974 5761; baseline 0.003 -14"><span class='ocrx_word' id='word_1_732' title='bbox 182 5689 289 5757; x_wconf 82' lang='lat' dir='ltr'>atione,</span> <span class='ocrx_word' id='word_1_733' title='bbox 305 5699 334 5745; x_wconf 90' lang='lat' dir='ltr'>ut</span> <span class='ocrx_word' id='word_1_734' title='bbox 354 5689 488 5759; x_wconf 87' lang='lat' dir='ltr'>agrarium</span> <span class='ocrx_word' id='word_1_735' title='bbox 510 5687 573 5742; x_wconf 89' lang='lat' dir='ltr'>illud</span> <span class='ocrx_word' id='word_1_736' title='bbox 596 5691 665 5757; x_wconf 79' lang='lat' dir='ltr'>quoi</span> <span class='ocrx_word' id='word_1_737' title='bbox 679 5689 750 5761; x_wconf 83' lang='lat' dir='ltr'>agris</span> <span class='ocrx_word' id='word_1_738' title='bbox 765 5691 918 5761; x_wconf 87' lang='lat' dir='ltr'>imponitur.</span> <span class='ocrx_word' id='word_1_739' title='bbox 937 5691 974 5749; x_wconf 85' lang='lat' dir='ltr'>be</span> 
     </span>
    </p>
   </div>
   <div class='ocr_carea' id='block_1_13' title="bbox 1030 4544 1821 4707">
    <p class='ocr_par' dir='ltr' id='par_1_15' title="bbox 1030 4544 1821 4707">
     <span class='ocr_line' id='line_1_74' title="bbox 1031 4544 1821 4615; baseline -0.001 -17"><span class='ocrx_word' id='word_1_740' title='bbox 1031 4559 1063 4598; x_wconf 83' lang='lat' dir='ltr'>cr</span> <span class='ocrx_word' id='word_1_741' title='bbox 1080 4558 1129 4598; x_wconf 83' lang='lat' dir='ltr'>are</span> <span class='ocrx_word' id='word_1_742' title='bbox 1150 4544 1287 4610; x_wconf 87' lang='lat' dir='ltr'>tenebris,</span> <span class='ocrx_word' id='word_1_743' title='bbox 1304 4545 1442 4614; x_wconf 85' lang='lat' dir='ltr'>cognoscit</span> <span class='ocrx_word' id='word_1_744' title='bbox 1457 4559 1486 4597; x_wconf 87' lang='lat' dir='ltr'>se</span> <span class='ocrx_word' id='word_1_745' title='bbox 1502 4544 1551 4611; x_wconf 86' lang='lat' dir='ltr'>ipsi</span> <span class='ocrx_word' id='word_1_746' title='bbox 1566 4547 1625 4598; x_wconf 82' lang='lat' dir='ltr'>rico</span> <span class='ocrx_word' id='word_1_747' title='bbox 1644 4546 1821 4615; x_wconf 79' lang='lat' dir='ltr'>propinquum</span> 
     </span>
     <span class='ocr_line' id='line_1_75' title="bbox 1030 4636 1819 4707; baseline 0.001 -18"><span class='ocrx_word' id='word_1_748' title='bbox 1030 4636 1099 4690; x_wconf 87' lang='lat' dir='ltr'>inter</span> <span class='ocrx_word' id='word_1_749' title='bbox 1114 4636 1226 4704; x_wconf 86' lang='lat' dir='ltr'>populos</span> <span class='ocrx_word' id='word_1_750' title='bbox 1244 4636 1384 4707; x_wconf 84' lang='lat' dir='ltr'>tliuagari;</span> <span class='ocrx_word' id='word_1_751' title='bbox 1405 4637 1555 4706; x_wconf 83' lang='lat' dir='ltr'>timensque</span> <span class='ocrx_word' id='word_1_752' title='bbox 1580 4652 1613 4692; x_wconf 89' lang='lat' dir='ltr'>ne</span> <span class='ocrx_word' id='word_1_753' title='bbox 1642 4641 1734 4693; x_wconf 89' lang='lat' dir='ltr'>scelus</span> <span class='ocrx_word' id='word_1_754' title='bbox 1749 4655 1819 4693; x_wconf 76' lang='lat' dir='ltr'>snum</span> 
     </span>
    </p>
   </div>
   <div class='ocr_carea' id='block_1_14' title="bbox 1016 4728 1823 4801">
    <p class='ocr_par' dir='ltr' id='par_1_16' title="bbox 1016 4728 1823 4801">
     <span class='ocr_line' id='line_1_76' title="bbox 1016 4728 1823 4801; baseline -0.002 -20"><span class='ocrx_word' id='word_1_755' title='bbox 1016 4729 1170 4795; x_wconf 75' lang='lat' dir='ltr'>¹patelierel</span> <span class='ocrx_word' id='word_1_756' title='bbox 1192 4728 1310 4798; x_wconf 74' lang='lat' dir='ltr'>publico,</span> <span class='ocrx_word' id='word_1_757' title='bbox 1331 4743 1392 4783; x_wconf 82' lang='lat' dir='ltr'>euin</span> <span class='ocrx_word' id='word_1_758' title='bbox 1417 4730 1521 4783; x_wconf 87' lang='lat' dir='ltr'>etrrtelu</span> <span class='ocrx_word' id='word_1_759' title='bbox 1534 4729 1629 4801; x_wconf 59' lang='lat' dir='ltr'>mantii</span> <span class='ocrx_word' id='word_1_760' title='bbox 1644 4732 1781 4791; x_wconf 85' lang='lat' dir='ltr'>caballum</span> <span class='ocrx_word' id='word_1_761' title='bbox 1797 4732 1823 4784; x_wconf 87' lang='lat' dir='ltr'>in</span> 
     </span>
    </p>
   </div>
   <div class='ocr_carea' id='block_1_15' title="bbox 1027 4810 1823 5352">
    <p class='ocr_par' dir='ltr' id='par_1_17' title="bbox 1027 4810 1823 5352">
     <span class='ocr_line' id='line_1_77' title="bbox 1029 4810 1821 4892; baseline 0.005 -17"><span class='ocrx_word' id='word_1_762' title='bbox 1029 4820 1088 4877; x_wconf 91' lang='lat' dir='ltr'>loeo</span> <span class='ocrx_word' id='word_1_763' title='bbox 1101 4822 1172 4875; x_wconf 86' lang='lat' dir='ltr'>unde</span> <span class='ocrx_word' id='word_1_764' title='bbox 1186 4820 1324 4892; x_wconf 86' lang='lat' dir='ltr'>digressos</span> <span class='ocrx_word' id='word_1_765' title='bbox 1336 4821 1425 4876; x_wconf 82' lang='lat' dir='ltr'>inerat</span> <span class='ocrx_word' id='word_1_766' title='bbox 1439 4822 1602 4879; x_wconf 84' lang='lat' dir='ltr'>relnrnrarit.</span> <span class='ocrx_word' id='word_1_767' title='bbox 1619 4810 1669 4880; x_wconf 80' lang='lat' dir='ltr'>Sic</span> <span class='ocrx_word' id='word_1_768' title='bbox 1676 4825 1763 4879; x_wconf 77' lang='lat' dir='ltr'>misr</span> <span class='ocrx_word' id='word_1_769' title='bbox 1773 4828 1821 4880; x_wconf 82' lang='lat' dir='ltr'>uir-</span> 
     </span>
     <span class='ocr_line' id='line_1_78' title="bbox 1029 4910 1822 4988; baseline 0.005 -21"><span class='ocrx_word' id='word_1_770' title='bbox 1029 4919 1086 4969; x_wconf 88' lang='lat' dir='ltr'>tute</span> <span class='ocrx_word' id='word_1_771' title='bbox 1097 4910 1222 4980; x_wconf 76' lang='lat' dir='ltr'>ltanyrts</span> <span class='ocrx_word' id='word_1_772' title='bbox 1238 4922 1293 4968; x_wconf 81' lang='lat' dir='ltr'>tote</span> <span class='ocrx_word' id='word_1_773' title='bbox 1310 4923 1387 4972; x_wconf 86' lang='lat' dir='ltr'>nocte</span> <span class='ocrx_word' id='word_1_774' title='bbox 1402 4914 1563 4972; x_wconf 79' lang='lat' dir='ltr'>darentasia</span> <span class='ocrx_word' id='word_1_775' title='bbox 1578 4917 1692 4973; x_wconf 85' lang='lat' dir='ltr'>circuitu</span> <span class='ocrx_word' id='word_1_776' title='bbox 1707 4919 1772 4988; x_wconf 85' lang='lat' dir='ltr'>rici,</span> <span class='ocrx_word' id='word_1_777' title='bbox 1785 4927 1822 4984; x_wconf 77' lang='lat' dir='ltr'>et,</span> 
     </span>
     <span class='ocr_line' id='line_1_79' title="bbox 1029 5003 1820 5072; baseline 0.005 -15"><span class='ocrx_word' id='word_1_778' title='bbox 1029 5004 1235 5072; x_wconf 76' lang='lat' dir='ltr'>magnetudo,</span> <span class='ocrx_word' id='word_1_779' title='bbox 1250 5003 1287 5059; x_wconf 90' lang='lat' dir='ltr'>ab</span> <span class='ocrx_word' id='word_1_780' title='bbox 1298 5013 1409 5060; x_wconf 87' lang='lat' dir='ltr'>auctore</span> <span class='ocrx_word' id='word_1_781' title='bbox 1430 5004 1475 5072; x_wconf 80' lang='lat' dir='ltr'>otri</span> <span class='ocrx_word' id='word_1_782' title='bbox 1489 5020 1550 5059; x_wconf 88' lang='lat' dir='ltr'>eum</span> <span class='ocrx_word' id='word_1_783' title='bbox 1562 5005 1707 5064; x_wconf 83' lang='lat' dir='ltr'>obsederat</span> <span class='ocrx_word' id='word_1_784' title='bbox 1722 5019 1766 5063; x_wconf 87' lang='lat' dir='ltr'>est</span> <span class='ocrx_word' id='word_1_785' title='bbox 1777 5008 1820 5061; x_wconf 88' lang='lat' dir='ltr'>de·</span> 
     </span>
     <span class='ocr_line' id='line_1_80' title="bbox 1028 5096 1822 5168; baseline 0.005 -17"><span class='ocrx_word' id='word_1_786' title='bbox 1028 5098 1113 5159; x_wconf 85' lang='lat' dir='ltr'>lusos,</span> <span class='ocrx_word' id='word_1_787' title='bbox 1139 5107 1168 5151; x_wconf 94' lang='lat' dir='ltr'>ut</span> <span class='ocrx_word' id='word_1_788' title='bbox 1180 5096 1249 5150; x_wconf 83' lang='lat' dir='ltr'>viam</span> <span class='ocrx_word' id='word_1_789' title='bbox 1263 5111 1344 5168; x_wconf 80' lang='lat' dir='ltr'>qnam</span> <span class='ocrx_word' id='word_1_790' title='bbox 1359 5099 1562 5167; x_wconf 79' lang='lat' dir='ltr'>apprehendere</span> <span class='ocrx_word' id='word_1_791' title='bbox 1577 5099 1666 5154; x_wconf 79' lang='lat' dir='ltr'>voluit</span> <span class='ocrx_word' id='word_1_792' title='bbox 1685 5117 1743 5155; x_wconf 84' lang='lat' dir='ltr'>aron</span> <span class='ocrx_word' id='word_1_793' title='bbox 1755 5101 1822 5155; x_wconf 81' lang='lat' dir='ltr'>vale·</span> 
     </span>
     <span class='ocr_line' id='line_1_81' title="bbox 1029 5189 1823 5263; baseline -0.001 -16"><span class='ocrx_word' id='word_1_794' title='bbox 1029 5199 1077 5247; x_wconf 84' lang='lat' dir='ltr'>ret.</span> <span class='ocrx_word' id='word_1_795' title='bbox 1092 5189 1115 5245; x_wconf 89' lang='lat'>0</span> <span class='ocrx_word' id='word_1_796' title='bbox 1131 5191 1261 5246; x_wconf 86' lang='lat' dir='ltr'>scelerata</span> <span class='ocrx_word' id='word_1_797' title='bbox 1283 5189 1416 5259; x_wconf 87' lang='lat' dir='ltr'>copiditas</span> <span class='ocrx_word' id='word_1_798' title='bbox 1430 5231 1439 5256; x_wconf 83' lang='lat'>,</span> <span class='ocrx_word' id='word_1_799' title='bbox 1452 5191 1516 5262; x_wconf 71' lang='lat' dir='ltr'>quiid</span> <span class='ocrx_word' id='word_1_800' title='bbox 1538 5191 1614 5263; x_wconf 85' lang='lat' dir='ltr'>agis!</span> <span class='ocrx_word' id='word_1_801' title='bbox 1630 5205 1743 5263; x_wconf 88' lang='lat' dir='ltr'>semper</span> <span class='ocrx_word' id='word_1_802' title='bbox 1754 5208 1823 5248; x_wconf 83' lang='lat' dir='ltr'>anm-</span> 
     </span>
     <span class='ocr_line' id='line_1_82' title="bbox 1027 5281 1607 5352; baseline 0.005 -19"><span class='ocrx_word' id='word_1_803' title='bbox 1027 5288 1101 5335; x_wconf 87' lang='lat' dir='ltr'>tores</span> <span class='ocrx_word' id='word_1_804' title='bbox 1116 5289 1176 5335; x_wconf 81' lang='lat' dir='ltr'>ttius</span> <span class='ocrx_word' id='word_1_805' title='bbox 1195 5282 1221 5334; x_wconf 93' lang='lat' dir='ltr'>in</span> <span class='ocrx_word' id='word_1_806' title='bbox 1242 5281 1430 5336; x_wconf 84' lang='lat' dir='ltr'>currlusionem</span> <span class='ocrx_word' id='word_1_807' title='bbox 1446 5283 1607 5352; x_wconf 78' lang='lat' dir='ltr'>praecipitas.</span> 
     </span>
    </p>
   </div>
   <div class='ocr_carea' id='block_1_16' title="bbox 1026 5412 1825 5694">
    <p class='ocr_par' dir='ltr' id='par_1_18' title="bbox 1026 5412 1825 5694">
     <span class='ocr_line' id='line_1_83' title="bbox 1026 5412 1666 5481; baseline 0.005 -13"><span class='ocrx_word' id='word_1_808' title='bbox 1026 5412 1068 5468; x_wconf 83' lang='lat' dir='ltr'>his</span> <span class='ocrx_word' id='word_1_809' title='bbox 1082 5412 1193 5481; x_wconf 79' lang='lat' dir='ltr'>bignon.</span> <span class='ocrx_word' id='word_1_810' title='bbox 1207 5415 1235 5470; x_wconf 91' lang='lat' dir='ltr'>in</span> <span class='ocrx_word' id='word_1_811' title='bbox 1250 5413 1417 5478; x_wconf 78' lang='lat' dir='ltr'>llarculimn.</span> <span class='ocrx_word' id='word_1_812' title='bbox 1435 5413 1514 5471; x_wconf 87' lang='lat' dir='ltr'>lorm.</span> <span class='ocrx_word' id='word_1_813' title='bbox 1530 5413 1566 5468; x_wconf 71' lang='grc' dir='ltr'>οὔ</span> <span class='ocrx_word' id='word_1_814' title='bbox 1581 5414 1629 5472; x_wconf 89' lang='lat' dir='ltr'>lib.</span> <span class='ocrx_word' id='word_1_815' title='bbox 1646 5432 1666 5473; x_wconf 86' lang='lat' dir='ltr'>t.</span> 
     </span>
     <span class='ocr_line' id='line_1_84' title="bbox 1052 5482 1825 5565; baseline -0.006 -21"><span class='ocrx_word' id='word_1_816' title='bbox 1052 5482 1076 5544; x_wconf 69' lang='lat' dir='ltr'>,d</span> <span class='ocrx_word' id='word_1_817' title='bbox 1097 5485 1220 5565; x_wconf 56' lang='lat' dir='ltr'>lfflerique</span> <span class='ocrx_word' id='word_1_818' title='bbox 1248 5485 1311 5540; x_wconf 85' lang='lat' dir='ltr'>blss.</span> <span class='ocrx_word' id='word_1_819' title='bbox 1327 5525 1337 5552; x_wconf 94' lang='lat'><em>,</em></span> <span class='ocrx_word' id='word_1_820' title='bbox 1366 5496 1420 5539; x_wconf 86' lang='lat' dir='ltr'>turn</span> <span class='ocrx_word' id='word_1_821' title='bbox 1447 5488 1527 5558; x_wconf 70' lang='lat' dir='ltr'>lorsqu</span> <span class='ocrx_word' id='word_1_822' title='bbox 1552 5503 1607 5540; x_wconf 84' lang='lat' dir='ltr'>nana</span> <span class='ocrx_word' id='word_1_823' title='bbox 1644 5495 1702 5542; x_wconf 85' lang='lat' dir='ltr'>erut</span> <span class='ocrx_word' id='word_1_824' title='bbox 1732 5489 1825 5544; x_wconf 82' lang='lat' dir='ltr'>urard.</span> 
     </span>
     <span class='ocr_line' id='line_1_85' title="bbox 1027 5553 1775 5694; baseline 0.001 -12"><span class='ocrx_word' id='word_1_825' title='bbox 1027 5553 1182 5682; x_wconf 52' lang='grc' dir='ltr'>Ἧῖιιι.</span> <span class='ocrx_word' id='word_1_826' title='bbox 1197 5640 1259 5684; x_wconf 83' lang='lat' dir='ltr'>cnut</span> <span class='ocrx_word' id='word_1_827' title='bbox 1270 5624 1362 5692; x_wconf 77' lang='lat' dir='ltr'>Clict,</span> <span class='ocrx_word' id='word_1_828' title='bbox 1379 5625 1437 5683; x_wconf 88' lang='lat' dir='ltr'>Bal.</span> <span class='ocrx_word' id='word_1_829' title='bbox 1449 5638 1474 5684; x_wconf 87' lang='lat' dir='ltr'>ut</span> <span class='ocrx_word' id='word_1_830' title='bbox 1489 5626 1571 5694; x_wconf 71' lang='lat' dir='ltr'>lior..</span> <span class='ocrx_word' id='word_1_831' title='bbox 1586 5629 1672 5684; x_wconf 78' lang='lat' dir='ltr'>sensti</span> <span class='ocrx_word' id='word_1_832' title='bbox 1686 5625 1775 5690; x_wconf 83' lang='lat' dir='ltr'>Petri.</span> 
     </span>
    </p>
   </div>
   <div class='ocr_carea' id='block_1_17' title="bbox 0 0 1872 6248">
    <p class='ocr_par' dir='ltr' id='par_1_19' title="bbox 0 0 1872 6248">
     <span class='ocr_line' id='line_1_86' title="bbox 0 0 1872 6248; baseline 0 0"><span class='ocrx_word' id='word_1_833' title='bbox 0 0 1872 6248; x_wconf 95' lang='lat' dir='ltr'> </span> 
     </span>
    </p>
   </div>
  </div>
 </body>
</html>
