3736 6248
97 384 148 442 teo
546 383 705 440 tttstttttts
726 379 948 437 ruttcounn.
970 379 1069 436 turen
1089 377 1266 439 sturmus,
1312 361 1315 367 ’
1678 379 1731 436 ιιι
1840 337 1844 340 ’

96 499 206 556 basilica
221 498 340 555 intuitio
364 500 450 557 noetis
462 501 593 557 orationis
605 501 688 571 gretie
700 498 884 569 psalleremus,
899 499 927 558 Λ
940 495 1061 550 timoren
1078 494 1182 549 botruit.
1198 496 1263 550 hum
1287 499 1349 551 dnm
1366 505 1438 551 esset
1463 498 1491 554 ln
1505 494 1642 562 ithertato,
1667 495 1728 564 equi

96 592 255 647 loribnndus
274 591 434 662 ingreditur,
459 608 556 661 meqtte
573 592 701 647 conviciis
723 604 755 646 se
777 588 890 644 maledi·
939 588 997 657 ejus
1019 601 1051 640 ae
1065 602 1161 656 perora
1182 602 1230 655 per
1243 595 1349 657 srpctos
1369 602 1512 656 pauperum
1527 589 1672 658 vineasque
1686 587 1726 642 di-

95 679 231 738 ctionibus
244 697 341 751 urgere
353 685 445 752 coepit,
459 684 522 737 illud
537 683 699 753 interjorpia
709 665 889 751 exprobrans,
938 677 1123 733 mittebantur.
1148 679 1223 744 Qnod
1247 680 1269 734 si
1295 680 1496 748 expellebantur
1509 680 1543 736 eb
1558 681 1599 734 bie
1612 697 1725 752 quormu

95 775 167 845 quod
180 789 232 846 epo
245 789 305 830 eum
317 775 425 830 rehtua
444 773 530 830 sancti
544 773 670 829 antistitis
687 772 800 827 fimbriis
812 785 891 841 sepa·
937 772 1094 827 evertebant
1118 772 1242 836 labores,
1271 773 1361 829 statim
1382 788 1398 828 a
1423 774 1479 830 suis
1502 775 1726 844 percellebantur.

95 880 166 922 rare.
189 865 243 922 set
264 880 314 936 epo
328 876 513 936 stupensque
527 867 612 920 virum
637 865 753 935 cepisset
773 863 886 932 insania,
938 863 1004 920 Nutu
1022 866 1049 920 in
1063 865 1112 921 hao
1126 865 1246 938 augo-tia
1257 883 1308 939 qna
1319 878 1388 936 erut,
1402 883 1472 942 stepo
1487 871 1725 939 eorotuenoratnr,

94 955 201 1013 blandis
215 972 280 1015 eum
304 956 474 1013 sermonibus
486 956 731 1013 mutoereeonatus
747 968 818 1010 sum.
833 953 888 1010 Sed
938 956 1009 1026 quud
1023 972 1066 1013 res
1076 959 1146 1013 hemi
1157 958 1285 1016 antistitis
1299 961 1453 1018 abstulisset
1473 961 1581 1033 injuste.
1606 964 1727 1033 beccique

94 1065 156 1105 eum
167 1049 227 1120 eius
241 1047 323 1104 luriss
337 1047 427 1104 verbis
441 1047 546 1104 leuibus
564 1062 691 1116 superero
702 1062 755 1102 troo
771 1060 887 1116 possem,
938 1060 1008 1101 suun
1022 1048 1161 1116 superiore
1171 1059 1335 1106 commotum
1346 1049 1359 1088 1
1371 1052 1512 1122 quemdam
1528 1053 1611 1110 levem
1625 1069 1641 1110 e
1659 1055 1727 1112 etri·

94 1142 176 1198 silere
190 1141 308 1197 decreti.
334 1140 380 1195 ttte
398 1154 461 1194 tero
479 1153 524 1194 ute
549 1148 656 1192 taetutu
679 1135 830 1203 intendens,
853 1134 888 1190 ad
937 1133 987 1189 bus
1001 1135 1314 1196 ecolesimoetoreslecit
1334 1142 1516 1211 interpellare.
1533 1143 1608 1199 Tunc
1620 1156 1727 1216 postpo-

95 1231 282 1301 presbyterum
298 1239 310 1268 1
328 1227 505 1292 convenitur,
519 1227 671 1295 evomitque
684 1227 710 1281 in
725 1240 787 1283 eum
803 1225 887 1280 motta
937 1225 989 1282 sits
1000 1227 1113 1298 justitia,
1129 1243 1183 1297 res,
1198 1245 1265 1299 quas
1284 1232 1348 1286 otim
1362 1233 1475 1290 ecclesia
1491 1235 1654 1305 possidebat,
1678 1239 1728 1294 sub

95 1320 230 1388 convicia3
258 1335 320 1377 uam
345 1328 373 1376 et
392 1319 467 1375 illum
483 1317 573 1374 verbis
598 1316 767 1388 procacibus,
794 1324 822 1372 et
844 1329 890 1373 ute
937 1319 1027 1388 specie
1038 1321 1183 1390 emptionis
1197 1321 1339 1389 obstruxit,
1368 1325 1429 1381 deta
1456 1326 1506 1397 ipsi
1533 1325 1635 1385 bomini
1653 1341 1728 1400 parto

95 1415 212 1470 diversis
221 1412 377 1482 opprobriis
390 1411 572 1485 brtpugnabat.
587 1411 641 1465 the
656 1424 720 1466 vcro
731 1423 793 1465 cnut
807 1405 889 1464 vidis-
937 1423 1017 1466 aurea
1042 1410 1121 1467 baltei
1146 1413 1199 1472 sni.
1214 1412 1267 1468 Sed
1282 1413 1336 1487 [tt.
1353 1413 1420 1488 true]
1443 1426 1470 1472 et
1485 1417 1547 1475 talia
1571 1419 1653 1475 mutu
1669 1437 1728 1494 pcr·

47 1489 53 1501 ’
95 1518 187 1559 venum
200 1519 273 1571 eunv,
289 1513 318 1558 ut
340 1503 375 1558 ita
389 1502 487 1568 diram,
502 1502 544 1571 spi
559 1515 574 1555 a
599 1501 736 1565 demone,
755 1499 856 1569 egressi
870 1511 888 1556 s
938 1513 1017 1557 verse
1027 1503 1080 1571 egit
1091 1505 1219 1572 usquead
1231 1505 1311 1560 tinem
1324 1507 1388 1563 vitae
1401 1522 1465 1574 sur,
1478 1523 1558 1580 quem
1572 1519 1586 1550 ⁰
1600 1511 1626 1569 in
1639 1519 1727 1582 poste*

95 1594 205 1649 basilius
218 1605 311 1649 sanctu
326 1593 481 1651 scandulum
494 1594 649 1663 vssgtttusque
660 1592 809 1659 tlnivimtts,
822 1590 887 1648 illud
937 1605 997 1647 rum
1009 1593 1224 1662 etplnnubimns.

94 1687 212 1743 maxime
223 1686 358 1756 indiguum
373 1684 501 1751 terentes,
518 1674 653 1755 quuo'noc
667 1683 681 1723 b
693 1683 812 1754 jurgium
823 1681 888 1739 ebs·
973 1683 1069 1740 xxttt.
1089 1684 1242 1743 creseunt
1263 1703 1370 1759 quoque
1390 1705 1462 1745 struo
1480 1692 1665 1748 ermentarius
1679 1692 1726 1750 tn·

98 1791 152 1846 qtm
172 1777 323 1838 reverentia
342 1778 440 1844 sancti,
463 1785 526 1834 ante
545 1775 632 1845 ipsum
650 1774 801 1844 sepulcrum
815 1774 871 1830 anti
936 1771 1083 1829 daenscum
1097 1791 1150 1832 uuo
1162 1785 1243 1833 secte
1256 1791 1311 1834 sne
1322 1779 1473 1839 satellitem
1484 1781 1726 1840 dnohnsChristis-

94 1869 163 1924 stitis
173 1869 351 1925 excitarent.
362 1866 410 1928 tiis
422 1868 515 1923 diebus
524 1866 577 1924 vili
590 1867 738 1932 sotnuiuru,
751 1866 821 1937 qnod
834 1866 885 1934 ipsi
901 1857 923 1916 tt
939 1863 990 1929 nis,
1014 1865 1047 1920 sd
1059 1866 1205 1936 exigendas
1222 1871 1371 1936 cautiones,
1384 1885 1457 1942 quas
1466 1872 1491 1930 ei
1507 1886 1616 1945 propter
1630 1877 1727 1935 tributa

95 1959 122 2015 in
136 1967 231 2017 uncta
242 1958 350 2015 basilica
370 1959 460 2026 retuli,
476 1959 589 2016 dicens:
606 1959 733 2015 Putabam
754 1975 796 2014 me
810 1959 887 2030 qnasi
940 1952 1043 2020 plublice
1059 1954 1207 2026 ttrjttttbsus
1225 1973 1257 2013 ex
1273 1959 1383 2028 vicario,
1399 1977 1429 2017 ex
1444 1966 1543 2022 comite
1556 1981 1621 2022 vero
1636 1967 1726 2025 tituto-

95 2050 123 2105 ipq
136 2050 187 2107 1200
201 2050 311 2109 mellica
330 2060 502 2110 ‘acrosancta
516 2051 656 2108 missarum
670 2051 800 2107 solemnia
814 2051 887 2105 cele.
938 2046 1008 2101 tnttle
1020 2045 1212 2116 deposuerant,
1230 2049 1344 2106 Turonis
1358 2053 1466 2111 edtebtt
1478 2073 1485 2110 :
1495 2057 1727 2132 interpellatisque

95 2140 185 2197 brare.
195 2139 314 2212 Cunmne
325 2141 381 2212 jam
391 2142 514 2200 altarium
525 2159 585 2198 cum
597 2141 774 2199 oblationibus
786 2144 886 2210 paltio‘
938 2136 1013 2203 viril.
1034 2138 1239 2207 promissionem
1252 2142 1352 2216 accepit
1366 2143 1399 2200 de
1410 2143 1491 2216 349
1500 2147 1636 2204 reddendo
1647 2164 1727 2220 peen-

95 2234 186 2293 serteo
194 2243 350 2306 ooopertus
371 2243 454 2304 esset,
482 2235 571 2290 subito
594 2230 787 2304 ingredientem
802 2232 887 2290 (tunt-
938 2227 992 2283 nie
1011 2226 1117 2288 ioenors
1136 2244 1197 2286 cum
1226 2232 1325 2302 usuris,
1349 2232 1500 2291 uticentibus
1523 2237 1575 2295 sibi
1599 2250 1728 2309 pretores

95 2328 254 2387 thumum
266 2343 358 2398 rogem
371 2329 519 2399 conspicio,
534 2313 582 2400 qu}
595 2343 660 2386 poce
679 2343 774 2400 magna
788 2328 888 2385 ciama-
938 2318 1023 2389 teste:
1038 2319 1068 2376 St
1079 2321 1113 2380 ed
1128 2322 1238 2379 (tomum
1255 2334 1372 2381 {testeam
1387 2328 1612 2400 vermiumque
1625 2331 1727 2390 deben-

95 2420 158 2478 tat:
173 2418 314 2478 uxretnte
329 2421 466 2477 turnucum
481 2419 663 2491 generations
675 2430 796 2490 nostro,
811 2421 887 2478 eret·
939 2418 981 2467 tur
994 2413 1172 2482 exsolvimus.
1185 2422 1214 2472 ot
1225 2414 1501 2491 altisonumque,
1529 2422 1598 2478 suu
1619 2421 1729 2499 dicutur

95 2509 142 2567 lite
153 2508 316 2566 bomiri-tam
336 2525 353 2567 a
375 2524 453 2568 sucro
468 2510 515 2566 bei
529 2510 633 2567 altario.
646 2514 680 2566 ht
692 2526 814 2583 egoeuot
830 2511 887 2572 tvaeo
937 2513 989 2572 est,
1004 2503 1178 2562 honoramus.
1190 2506 1230 2563 Eo
1243 2522 1349 2579 qnoque
1363 2519 1452 2576 eunte,
1467 2510 1502 2566 ab
1517 2511 1648 2586 injurioso
1668 2530 1727 2574 sus

95 2603 227 2668 audirem,
240 2601 274 2658 sd
288 2611 314 2658 te
333 2616 480 2659 conversus
491 2602 545 2658 diri
563 2620 570 2659 c
587 2603 765 2675 Appreheude
780 2604 886 2674 pallium
937 2596 1052 2667 cipitur,
1076 2610 1101 2654 et
1130 2599 1253 2656 convitio
1278 2600 1439 2669 collocutum
1455 2605 1615 2679 expletoque
1637 2609 1730 2686 epulo,

96 2691 197 2757 tltaris,
224 2693 326 2759 iutelit,
352 2707 407 2764 quo
419 2709 494 2751 sacra
509 2709 620 2751 mouera
644 2704 832 2766 conteguntur,
852 2712 887 2755 no
938 2691 1171 2762 appropinquante
1191 2701 1283 2760 noete,
1311 2696 1439 2752 commoti
1454 2699 1488 2752 ab
1502 2699 1597 2756 eodem
1621 2699 1681 2757 loeo
1694 2703 1727 2760 ad

96 2785 158 2840 hino
170 2785 314 2856 abiciens.
329 2786 449 2858 dunque
463 2789 690 2858 apprehenderes,
700 2788 810 2846 laxabas
823 2805 886 2848 eum
937 2784 1019 2840 stium
1036 2786 1281 2854 transeuntium,
1298 2798 1325 2843 ut
1338 2788 1437 2855 icrunt,
1451 2789 1536 2847 Judaei
1548 2807 1609 2849 cum
1624 2793 1728 2855 duobus

94 2884 186 2943 marcu,
199 2887 227 2933 et
238 2893 291 2934 nott
302 2877 413 2936 viriliter
426 2879 576 2937 detinebas.
595 2880 649 2951 ligo
672 2895 737 2936 vero
756 2880 886 2951 experitis
937 2873 1097 2932 Cinistiauis
1111 2876 1145 2932 as
1159 2875 1282 2947 injuriosi
1296 2876 1448 2943 huminibus
1467 2881 1612 2952 interiecti,
1637 2884 1663 2940 in
1678 2901 1727 2956 pn·

95 2968 232 3036 manibus,
247 2978 342 3026 contra
356 2980 449 3040 pectus
463 2971 534 3041 regis
544 2985 632 3026 ttteum
645 2981 735 3039 pectus
749 2970 884 3041 aptabam,
939 2977 1022 3033 teum,
1037 2967 1082 3037 qui
1097 2967 1261 3038 propinquus
1276 2978 1333 3024 erat
1347 2969 1439 3026 donini
1450 2971 1520 3041 eins,
1533 2973 1644 3046 proiecti
1654 2987 1727 3037 suut.
1772 2966 1778 2977 '

69 3131 73 3139 ι
96 3060 188 3118 dicens
199 3078 208 3119 r
218 3060 280 3118 hott
290 3062 389 3134 ejioere
399 3061 612 3120 buothoutnen
622 3062 884 3134 debssilicavanuta,
937 3057 1043 3115 Auditis
1056 3059 1097 3115 bis
1112 3069 1237 3129 parentes
1249 3077 1340 3118 eorum
1352 3078 1413 3132 qus
1425 3073 1499 3134 gesta
1514 3065 1629 3136 tuerent,
1641 3069 1727 3127 'inro-

97 3168 130 3212 ιιι
151 3155 214 3211 rite
236 3155 383 3226 periculum
410 3156 530 3226 pathus,
557 3171 590 3211 ne
615 3166 640 3212 te
653 3165 761 3212 sauctus
773 3156 885 3212 antistes
938 3150 981 3207 nis
995 3152 1173 3220 advenerunt,
1189 3153 1305 3221 datoque
1316 3155 1475 3224 quibusdum
1492 3158 1644 3217 homiuibus
1659 3161 1727 3218 indi·

97 3245 180 3318 m
201 3260 248 3302 sna
273 3247 529 3304 virtuteuoniodiat.
553 3246 612 3302 Noli
629 3257 655 3303 te
668 3246 776 3318 propriu
796 3247 885 3317 p'tcnlo
898 3220 923 3289 0
938 3245 981 3300 cio
996 3254 1107 3312 puteum
1115 3243 1265 3316 reperiunt,
1287 3245 1413 3320 virosque
1433 3249 1588 3318 extrahunt,
1613 3253 1728 3318 multum

96 3338 253 3395 interimere
267 3354 276 3394 r
291 3337 353 3409 quia
366 3336 417 3394 boo
430 3338 454 3394 si
468 3335 573 3404 leceris,
599 3337 723 3408 presenti
738 3339 791 3393 vite
806 3345 887 3394 ster-
939 3346 1055 3405 negante
1067 3333 1208 3405 injurioso,
1235 3336 1306 3407 quod
1320 3336 1349 3393 iu
1369 3337 1418 3395 hac
1429 3353 1509 3396 causa
1523 3356 1577 3398 uon
1588 3340 1677 3401 luerat
1688 3344 1727 3401 iu.

98 3446 184 3502 usque
195 3430 309 3488 carebis.
325 3431 379 3488 Sed
394 3446 454 3488 cum
469 3446 515 3487 ret
528 3430 595 3487 mitti
609 3431 758 3498 resisteret,
775 3438 802 3486 tn
812 3431 888 3486 lesa·
938 3427 1073 3497 qoinatus.
1091 3426 1214 3485 Postbtee
1228 3427 1255 3483 iu
1273 3427 1401 3499 jndiuinut
1418 3430 1504 3498 venit;
1516 3432 1565 3490 sed
1575 3448 1637 3492 cum
1651 3433 1728 3495 torti-

94 3523 143 3588 ltav
157 3524 277 3595 pallium,
306 3535 413 3595 etpost
436 3510 480 3582 me
504 3524 641 3582 veniebat.
664 3523 721 3596 Epo
735 3537 797 3582 vero
810 3523 888 3584 ratde
939 3526 981 3574 ter
996 3526 1028 3585 ⁸»
1044 3517 1213 3584 111ᾱί111111.
1228 3519 1383 3591 denotaret,
1407 3530 1435 3578 et
1460 3521 1488 3579 bi
1517 3537 1571 3579 uun
1600 3525 1728 3586 baberent

94 3617 144 3674 tibi
156 3618 286 3675 uadatus
298 3631 382 3675 erarn.
402 3619 522 3688 eumque
535 3627 685 3676 reverteres
696 3617 730 3674 ad
749 3617 886 3688 altarium,
939 3608 1055 3681 (1111111111
1067 3624 1129 3667 111111
1144 3611 1593 3684 11011111111111111111,1111111111
1604 3624 1647 3674 0⁸¹
1661 3627 1728 3681 111111

94 3709 320 3794 apprehendebas
324 3710 444 3780 poiliotn,
454 3711 613 3768 sedrnrsttm
625 3710 806 3783 relinquebas.
818 3711 887 3770 bum
938 3701 1073 3761 insontem
1097 3704 1222 3760 redderet
1245 3713 1425 3764 sacremeuto.
1459 3706 1512 3764 Sed
1539 3723 1589 3766 uec
1615 3708 1665 3766 hoe
1688 3710 1728 3775 biv

96 3801 148 3856 hou
160 3809 191 3856 tu
204 3801 294 3871 tepide
307 3803 448 3867 retineres,
468 3811 495 3858 ct
513 3816 563 3873 epo
577 3800 689 3860 viriliter
706 3801 764 3874 regi
775 3803 887 3860 resiste
938 3793 1182 3881 lentescentibus,
1208 3794 1333 3866 bisetium
1356 3795 1383 3852 in
1399 3797 1469 3868 repit
1483 3794 1649 3856 childeberti
1666 3816 1728 3869 pras

96 3908 166 3960 mm,
176 3893 301 3966 evigilari
315 3907 413 3964 pavore
425 3895 597 3961 conterritus,
611 3895 720 3966 ipnarns
732 3895 796 3966 quid
815 3909 888 3952 som·
938 3885 1194 3957 11111111111111111111·
1210 3884 1399 3944 Verumtamen
1412 3888 1629 3958 netuepettuis.
1643 3904 1728 3962 nuque

97 3962 170 4041 uittttt
181 3983 322 4041 iudicaret.
349 3982 431 4054 lpitttr
451 3999 512 4039 cum
535 3987 559 4039 ei
573 3985 624 4043 ista
645 3999 809 4053 rtarrsttem,
825 3985 885 4043 sit:
938 3975 1174 4040 caull⁰¹¹elttldoel
1188 3976 1309 4034 defuncti
1322 3984 1438 4048 rebelle
1448 3988 1522 4034 sunl·
1537 3978 1729 4050 torrentum

99 4075 598 4148 terumfflsontuinroquodvidnti,
613 4077 683 4147 quod
699 4077 888 4149 valdeuopita.
939 4066 1093 4124 tunoutttlti
1108 4066 1246 4123 bominum
1272 4067 1426 4123 bledardnm
1449 4069 1585 4129 tribunum
1600 4069 1612 4107 ¹²
1627 4073 1654 4130 iu
1677 4072 1728 4129 boe

95 4169 165 4225 tioui
177 4183 245 4226 meat
258 4168 414 4227 concordat.
428 4168 478 4225 Cni
492 4183 542 4242 epo
558 4186 567 4224 c
586 4168 688 4239 Ecquid
706 4169 820 4240 providit
839 4184 887 4228 co·
937 4158 1043 4216 1111111
1055 4157 1165 4215 mistum
1178 4157 1274 4224 fuisse,
1288 4173 1322 4216 ⁸0
1335 4159 1408 4231 1111111
1432 4168 1458 4216 11
1473 4160 1531 4231 itte
1545 4175 1560 4216 1
1572 4161 1665 4218 tudaeo
1679 4178 1728 4234 tte·¹

98 4259 191 4332 pitatio
206 4258 274 4316 tuat
287 4259 321 4316 Et
334 4259 380 4316 ille
395 4276 403 4317 :
421 4258 612 4326 Deliberatum,
627 4260 723 4332 inquit,
737 4259 838 4329 habnt,
858 4272 888 4317 nt
938 4251 1045 4309 cuniam
1061 4259 1218 4308 mutuasset.
1244 4249 1391 4320 irtinriotus
1411 4262 1499 4309 tamen
1515 4253 1550 4313 td
1561 4253 1687 4325 placitum
1701 4259 1729 4316 in

99 4352 118 4407 si
135 4365 180 4407 tus
193 4365 242 4406 rex
255 4350 289 4406 ab
302 4350 353 4406 boc
366 4349 425 4406 too·
437 4348 546 4422 juberet
560 4349 676 4416 extrahi,
691 4352 725 4406 ab
739 4366 791 4407 nna
806 4366 887 4415 manu
938 4356 1084 4416 conspeetu
1098 4345 1170 4415 repis
1180 4343 1343 4401 childeberti
1355 4345 1473 4410 advertit,
1500 4357 1529 4403 et
1548 4361 1597 4416 per
1611 4350 1727 4409 triduum

92 4441 181 4508 putas
190 4440 284 4497 altaris
295 4451 426 4507 tenerem,
440 4440 474 4496 ab
486 4440 538 4497 alit
549 4456 624 4506 vero,
636 4442 778 4512 evaginato
787 4440 886 4513 gladio,
939 4439 1066 4510 usquead
1089 4453 1213 4495 nomento
1240 4439 1304 4495 solis
1321 4438 1328 4477 ¹
1346 4440 1508 4497 observavit.
1532 4441 1585 4499 Sed
1612 4458 1673 4502 eum
1701 4446 1730 4504 hi

90 4545 123 4589 te
139 4535 215 4602 prius
229 4534 379 4599 interiecto,
405 4542 623 4607 quantoscunque
636 4536 763 4605 deinceps
775 4534 887 4592 clericos
939 4547 991 4586 non
1005 4528 1152 4596 venissent,
1179 4544 1266 4599 neque
1279 4529 1312 4587 de
1327 4545 1405 4586 usust
1421 4530 1471 4588 bae
1484 4532 1519 4591 ab
1532 4533 1586 4589 nilo
1599 4533 1729 4608 interpel·

91 4624 278 4692 reperissem,
307 4623 333 4678 iu
359 4631 472 4678 mortem
497 4633 705 4694 prosternerem.
743 4623 798 4681 Neo
821 4597 1009 4681 mttiDtame
1023 4621 1126 4688 luisset,
1143 4622 1176 4676 ad
1188 4623 1296 4691 propriu
1309 4622 1398 4679 rediit.
1446 4672 1449 4678 .

89 4714 216 4778 postbaec
228 4725 287 4769 erat
297 4713 391 4783 irtiuris
405 4714 478 4770 letho
489 4715 673 4777 succumbere,
700 4715 723 4770 si
752 4715 786 4771 de
808 4714 887 4784 hujus
974 4714 1071 4772 xttv.
1091 4714 1170 4771 huno
1192 4715 1270 4785 igitur
1289 4715 1392 4771 decimo
1410 4716 1573 4775 ebilduberti
1593 4721 1730 4790 repleret

101 4807 183 4861 tancti
195 4805 302 4861 clericis
313 4808 461 4875 acciperem
483 4807 621 4863 ultionem.
637 4808 699 4864 lise
713 4824 762 4879 epo
776 4810 887 4865 audiens
940 4808 1156 4865 Guutcbramnns
1175 4809 1315 4864 commotis
1333 4809 1455 4879 pestribus
1468 4811 1541 4879 rcpni
1551 4813 1592 4864 sul
1604 4826 1728 4882 mopnttm

89 4905 124 4950 ··t
138 4905 259 4965 stupens,
285 4896 438 4952 admirabor
452 4898 522 4968 quod
545 4907 612 4967 eret,
637 4900 697 4970 qnia
713 4915 760 4968 per
775 4916 806 4957 os
828 4901 887 4972 ejus
938 4900 1026 4970 junxit
1044 4900 1203 4956 exercitum.
1222 4898 1274 4955 Sed
1293 4913 1354 4968 pars
1373 4899 1458 4966 maior
1472 4915 1533 4955 tum
1552 4902 1727 4960 Aurelianen-

93 4988 405 5063 t'iabolttsloqnebatnr,
422 5005 557 5060 rtuoqnatn
573 4991 643 5047 euim
659 4991 686 5047 iu
702 4992 785 5048 ileum
804 4993 886 5049 ullum
939 4990 1014 5048 sibus
1039 5001 1119 5060 utque
1143 4987 1265 5046 bituricis
1286 4989 1421 5045 cretarum
1445 4990 1536 5061 petiit,
1559 5003 1730 5061 excesserunt

134 5136 150 5168 ¹
169 5125 244 5192 Boe,
268 5124 465 5197 presbyterium,
486 5142 538 5198 qua
553 5142 723 5186 voeeomnes
739 5131 886 5203 presbyteri
940 5128 1087 5184 Alteserro.
1168 5165 1171 5175 r

93 5200 144 5265 etri
169 5198 280 5254 adsrsru
301 5199 524 5270 designarentur,
543 5199 591 5254 ted
614 5212 705 5258 nostra
729 5202 808 5259 lectio
826 5219 885 5260 rne-
977 5206 989 5236 1
1010 5196 1080 5252 Editi
1094 5206 1123 5252 ut
1138 5195 1290 5265 plurimum,
1306 5194 1409 5262 quotu.
1424 5194 1560 5267 Videcsp.
1576 5196 1622 5255 29.

89 5265 150 5325 lior
164 5277 214 5324 est.
978 5266 988 5304 l
1009 5267 1090 5323 beest
1105 5269 1242 5332 hoecaqmt
1259 5269 1283 5318 in
1296 5265 1372 5320 Colb.
1387 5280 1412 5319 a.
1427 5276 1454 5321 et
1469 5266 1528 5321 liat.

134 5339 149 5380 1
170 5338 214 5395 Sir
230 5338 306 5404 bouq
320 5339 396 5394 Colb.
408 5339 536 5407 tn.,qsod
549 5341 581 5394 ab
594 5339 659 5405 hou
680 5338 743 5400 eb..
768 5340 802 5394 orl
818 5342 884 5410 hor;
975 5347 987 5387 ⁸
1008 5337 1241 5395 hildeberchtum
1257 5336 1314 5390 libri
1330 5351 1337 5392 t
1360 5337 1472 5390 lorvnnla
1487 5336 1531 5392 38.

90 5408 189 5466 caeteri
201 5424 260 5464 estu
273 5409 344 5473 bec„
356 5426 406 5480 pso
415 5410 449 5462 sd
459 5425 516 5464 unt.
974 5407 987 5450 1
1008 5409 1086 5465 idest
1098 5407 1257 5463 tributorum
1270 5419 1433 5471 erectorem,
1443 5417 1470 5461 nt
1483 5407 1672 5475 iuterpretatur
1684 5410 1728 5467 ht.

136 5475 249 5534 daea
263 5478 439 5536 oblationem
466 5479 546 5535 bilsen
558 5481 700 5562 presbyter
720 5494 753 5533 cu
775 5482 884 5547 oblatis,
939 5492 1050 5537 tescrra.

93 5556 228 5619 quantum
247 5551 313 5605 satis
324 5558 383 5605 erat
396 5549 430 5603 ad
453 5551 610 5607 merillrmm
627 5550 796 5619 lidclinrnque
808 5569 883 5608 coru·
977 5550 984 5589 ¹
1007 5550 1063 5606 lios
1071 5552 1170 5605 erst'ut
1179 5547 1237 5602 sole
1246 5547 1382 5603 occidente
1391 5545 1485 5615 piacita
1496 5545 1646 5614 linirentur,
1657 5553 1729 5616 qnod

92 5620 267 5684 munionem,
291 5620 453 5686 annuebat,
481 5621 551 5692 qnod
575 5622 733 5690 contegebat
755 5621 823 5689 palla
837 5638 886 5680 sen
938 5622 1018 5678 ctiam
1032 5619 1092 5676 aliis
1106 5616 1256 5674 nationibus
1268 5618 1388 5671 solemne
1400 5617 1480 5671 luisse
1491 5615 1616 5670 observat
1632 5616 1728 5689 ltipno-

89 5691 183 5758 putto
195 5688 300 5746 citaris
328 5685 394 5747 vite
407 5689 454 5749 tib.
469 5706 479 5748 t
492 5692 526 5750 ds
539 5689 643 5764 tritum.
661 5691 768 5760 Gallio,
784 5707 843 5764 etp.
857 5694 885 5762 5,
940 5692 999 5748 nius
1009 5691 1035 5746 iu
1048 5687 1097 5744 lib.
1109 5704 1117 5747 ι
1131 5685 1351 5766 llaruulll,'iorrn.
1365 5687 1410 5766 δῖ.
1419 5685 1456 5739 bs
1467 5683 1575 5753 placito,
1586 5685 1622 5742 les
1633 5688 1718 5759 planis

92 5773 176 5814 unm.
192 5761 234 5812 ill.
940 5777 973 5814 ort
987 5760 1088 5819 setim,
1109 5758 1170 5812 vide
1182 5755 1272 5829 Csnptt
1285 5753 1461 5822 (timentum,
1474 5762 1501 5810 et
1515 5769 1595 5832 supra
1617 5769 1673 5818 ttot.
1696 5774 1711 5814 a

134 5829 148 5866 ⁴
170 5828 341 5884 Commmttut
368 5829 415 5887 viti
441 5850 537 5895 nomeu
551 5831 690 5906 proprium
713 5827 796 5889 tnitse
809 5843 885 5903 punt
940 5844 1001 5896 esp.
1016 5827 1109 5892 54111).
1130 5842 1164 5889 tt·
