3736 6248
85 313 157 374 1111
620 315 665 375 01
681 318 732 378 18.
749 317 916 379 sebenno
931 315 977 376 ET
993 318 1180 380 01101100.
1649 321 1663 376 1
1669 309 1737 378 :tt'

81 426 271 485 smrbenue.
288 424 373 484 rann
387 434 478 487 autem
500 427 552 486 luit
570 427 770 487 adrenlantrum
785 431 875 487 moiu-
888 433 916 494 A·
927 431 1053 488 brictium
1065 445 1117 489 una
1129 445 1191 489 cam
1201 429 1275 489 ciere
1286 441 1314 488 et
1324 432 1423 503 populo
1437 449 1446 489 r
1460 432 1580 502 inienuus
1589 431 1718 501 omeliis,

84 519 159 584 tudo,
174 528 303 588 nnurrtum
316 529 362 574 aut
376 519 451 575 iocus
462 520 581 588 admisit,
591 531 638 578 aut
650 523 700 576 rim
715 523 758 578 rel
773 523 875 581 semitae
926 523 997 579 sicut
1009 532 1087 578 erant
1101 522 1200 592 restiti,
1214 522 1379 595 sepelierunt
1396 541 1444 583 eos
1459 528 1487 582 in
1501 540 1557 596 rpea
1582 526 1650 582 cells
1672 526 1719 582 rei

83 622 184 680 capere
196 617 351 679 potuerunt.
361 608 461 666 Omnes
475 611 657 669 febricitantes
668 616 709 669 rei
725 612 874 685 frigoritici,
926 613 1057 679 oratorio,
1072 624 1136 670 amc
1149 615 1235 670 altere
1248 615 1332 684 ipsius
1344 616 1464 680 oratorii,
1480 631 1494 669 a
1511 617 1589 672 besto
1604 614 1720 670 llarrlnn

84 701 131 770 qui
144 701 403 767 circummuniam
417 703 636 770 revertebantur;
653 703 751 774 leprosi
774 714 874 772 auum,
927 718 987 773 cum
1004 704 1158 774 pignoribus
1179 715 1333 761 sanctorum
1359 707 1518 761 consecrati.
1543 706 1719 763 Transierunt

82 792 169 855 surdi,
185 792 252 847 muti
270 800 299 847 et
319 792 407 847 claudi
421 793 497 848 muiti
520 795 693 850 curabantur.
717 794 877 850 libereban·
926 804 1016 850 autern
1032 795 1117 865 pridie
1141 795 1202 852 idus
1224 797 1392 860 Novembris,
1416 798 1534 861 secundo
1555 797 1599 851 die
1619 794 1719 851 eleeto

83 891 182 954 turquc
195 883 241 954 qui
254 883 348 941 venire
361 900 413 940 nou
428 895 549 954 poterant
571 886 598 940 in
613 885 691 942 lectis
704 896 732 941 et
745 886 875 957 grabatis,
927 903 979 957 qno
989 887 1140 944 celebratur
1159 889 1287 944 transitus
1310 890 1396 945 sancti
1414 889 1531 953 iiartini,
1555 900 1582 943 et
1593 886 1720 955 ,depositi

83 984 114 1030 et
129 990 162 1030 ex
185 975 276 1031 odoris
290 975 433 1046 fragrantia
454 978 569 1048 sospites
588 978 799 1033 revertebamur.
813 975 877 1047 ‚Sit-
927 976 1018 1033 tsurtib
1034 993 1080 1033 xtn
1096 976 1229 1034 Kalendas
1253 978 1417 1036 Decembris.
1437 979 1488 1048 Qui
1511 979 1608 1047 sepulti
1629 979 1720 1044 terrie,
1803 1010 1805 1015 ·

83 1064 170 1133 ptimo
184 1064 292 1122 demum
304 1065 498 1123 dicatrarnitu
509 1067 626 1138 ipsorum
639 1067 722 1122 abbas
736 1065 876 1132 ilicardus,
928 1071 955 1125 in
970 1069 1078 1126 cbristo
1090 1084 1121 1126 sc
1133 1069 1225 1126 virere
1245 1070 1418 1126 msuilestaut
1431 1071 1574 1126 virtutibus
1593 1077 1621 1126 et
1642 1068 1721 1124 mira·

83 1154 254 1225 congregatis
267 1155 395 1212 iratribus
407 1157 494 1212 suncti
509 1156 678 1223 monasterii,
689 1156 722 1212 ad
737 1155 815 1211 lunus
829 1157 878 1212 ad-
926 1159 1011 1224 cuiis,
1026 1165 1170 1230 prestante
1181 1158 1277 1214 codem
1291 1159 1355 1214 iesu
1369 1158 1478 1215 cbristo
1491 1160 1604 1215 Domino
1613 1167 1720 1226 nostro.

84 1243 145 1301 luit.
161 1245 231 1302 llisit
243 1262 349 1317 quonum
359 1255 388 1303 et
402 1248 543 1303 accersivit
555 1247 752 1304 saucdssiruunr
772 1261 877 1314 serrem,
927 1250 973 1321 qni
987 1249 1052 1304 vivit
1065 1258 1092 1306 et
1103 1257 1197 1319 regnat
1211 1262 1271 1304 cum
1287 1250 1342 1305 lieo
1356 1250 1436 1306 Patre
1450 1251 1477 1305 in
1492 1252 1594 1306 unitate
1604 1251 1721 1320 Spiritus

84 1337 227 1396 Turonium
242 1328 349 1413 1282
358 1341 430 1397 sedis
442 1339 557 1397 civitatis
571 1340 713 1413 presulem
729 1349 755 1408 ¹,
770 1341 877 1396 beatum
927 1341 1012 1397 sancti
1028 1341 1107 1407 licus,
1124 1355 1173 1412 per
1185 1338 1384 1398 omnia'secuia
1398 1341 1570 1397 seculorumr
1584 1347 1682 1397 Arnen.

124 1498 137 1528 ¹
156 1492 202 1548 Sic
215 1491 367 1559 clarceiii,
380 1492 612 1562 erediepiseopem.
622 1493 682 1560 Quo
691 1490 799 1548 nrrmlne
811 1491 879 1549 Gre-
928 1494 1094 1551 monasterii.
1109 1495 1194 1551 Porro
1215 1505 1313 1565 preter
1335 1493 1386 1551 bos
1405 1495 1513 1565 Septem
1537 1495 1721 1560 liorrnicntes,

83 1560 154 1630 gorii
169 1578 227 1618 nro
241 1563 439 1632 lietropolitani
454 1564 481 1619 iu
501 1563 647 1619 Occidente
667 1577 720 1617 non
739 1563 878 1618 donaban-
927 1574 992 1621 sunt
1003 1565 1048 1621 alii
1059 1565 1123 1622 item
1138 1565 1260 1621 celebres
1270 1565 1339 1635 opud
1351 1565 1496 1633 Ephesum,
1510 1564 1543 1621 de
1557 1564 1654 1635 quibus
1664 1565 1718 1635 agit

85 1641 141 1685 tur.
155 1631 210 1688 iicc
221 1647 255 1688 eo
268 1633 337 1688 olins
350 1648 462 1703 usquam
474 1649 539 1690 usus
551 1643 593 1689 ert
606 1633 761 1704 Gregorius.
929 1633 1075 1706 Giegorius
1089 1650 1149 1700 cap.
1164 1635 1200 1692 uti
1214 1635 1272 1690 iibri
1292 1651 1300 1690 ι
1315 1635 1350 1690 dc
1372 1634 1461 1690 Gloria
1484 1645 1597 1705 martyr.
1613 1622 1721 1705 Septem

123 1700 136 1739 ¹³
155 1704 201 1758 Sic
214 1703 299 1769 illurn
313 1702 358 1758 elii
371 1713 472 1770 autem,
485 1705 628 1773 repetitione
637 1711 705 1758 runi.
720 1703 756 1757 Er
769 1701 810 1756 iris
823 1701 879 1757 col·
929 1708 993 1760 item
1007 1706 1033 1759 in
1050 1703 1189 1760 Germanic
1205 1705 1374 1761 Dormientee
1387 1704 1478 1759 laudet
1491 1705 1589 1759 Paulus
1603 1704 1677 1761 urse.
1692 1705 1719 1758 br

84 1768 139 1850 lige
153 1786 205 1826 non
218 1787 324 1842 semper
333 1772 498 1844 depositionis
510 1772 562 1826 diei
573 1773 681 1828 nornine
691 1770 804 1841 intelligi
815 1787 876 1825 eum
892 1776 977 1864 Blib.
992 1791 1000 1831 ι
1014 1775 1048 1832 de
1062 1773 1151 1830 Gestis
1165 1775 1285 1857 bangob.
1304 1790 1365 1845 cap.
1378 1773 1408 1842 i,
1423 1775 1468 1843 qui
1481 1776 1515 1831 ab
1529 1776 1587 1832 istis
1597 1782 1659 1845 post
1670 1774 1721 1830 lia·

82 1854 132 1908 qur
148 1841 196 1896 luit
209 1842 306 1898 obitus.
323 1844 404 1897 barre
424 1857 516 1898 eornm
536 1857 649 1912 corpore
669 1842 697 1896 in
710 1843 798 1911 capsis
818 1856 877 1896 ser-
929 1849 1036 1902 ronium
1055 1844 1177 1901 ilsrollio
1191 1844 1237 1900 alit
1249 1861 1310 1902 esse
1323 1860 1376 1901 nou
1390 1845 1523 1902 ridentur.

86 1924 186 1967 rantur
199 1920 272 1968 retro
287 1911 373 1983 majus
385 1912 471 1968 uitare
481 1912 635 1985 principalis
643 1912 758 1968 basiliere
769 1910 878 1981 Maioris

599 2022 714 2095 Explicit
726 2024 778 2078 rite
786 2032 811 2079 et
820 2037 889 2078 more
902 2022 1005 2094 Septem
1021 2021 1216 2078 Dormientium.

85 2182 1722 2216 Μ

126 2326 244 2371 lltctm
260 2325 421 2370 11010601
438 2322 532 2367 11111
549 2321 701 2368 61160111
717 2319 917 2364 Turonorum
939 2319 1223 2365 escnturtecortltt
1241 2319 1339 2365 viru
1368 2304 1378 2324 ⁸
1409 2317 1503 2363 limari
1533 2315 1678 2362 11011111

682 2418 822 2464 urlscoi‘l
841 2419 881 2462 11·
894 2417 1118 2464 00111110111.

680 2524 736 2598 (Ee
749 2526 922 2597 compluribus
933 2525 1019 2582 Codri.
1033 2522 1121 2597 mas..)

122 2663 297 2724 Sanctissimo
311 2666 413 2716 sancte
426 2654 590 2715 Parisiorum
604 2655 698 2710 ruatrie
713 2655 841 2713 emissis
857 2653 1001 2724 preconium
1016 2655 1127 2712 domino
1139 2655 1286 2723 Germano,
1300 2657 1447 2727 Gregorius
1459 2655 1602 2713 Turonium
1622 2664 1722 2713 metro-

86 2759 157 2831 polis
170 2757 277 2812 humitis
288 2754 440 2826 epiecopus,
455 2751 581 2807 sulutem.
596 2750 690 2806 Petisti
704 2763 771 2804 sane
785 2748 823 2803 uti
838 2745 914 2802 Vitas
923 2755 951 2802 et
965 2746 1094 2803 miracula
1110 2763 1170 2820 onze
1184 2749 1313 2804 linrninus
1331 2763 1379 2818 per
1393 2747 1500 2804 beatum
1518 2749 1668 2805 ilaurilium
1681 2754 1724 2804 ai·

85 2863 142 2920 que
154 2848 280 2904 Albinum
294 2846 497 2901 Andecavorum
512 2842 648 2897 antistites
667 2841 776 2908 operari
788 2838 915 2909 dignatus
928 2845 990 2908 est,
1004 2853 1073 2909 quas
1092 2839 1255 2895 Fortunatus
1275 2839 1415 2912 presbyter
1441 2840 1576 2897 luculento
1597 2854 1725 2897 sermone

84 2939 277 3008 descripserat,
300 2937 460 3007 scriptorum
474 2934 548 2990 ritiis
559 2933 617 3003 jam
640 2945 710 3001 pene
730 2929 900 2999 depravatas,
925 2936 1026 2985 nostroe
1048 2929 1218 2984 auctoritatis
1234 2931 1326 2998 peritia
1345 2929 1557 3000 corrigeremus,
1572 2938 1724 2998 nostreque

86 3033 237 3100 berotioni,
249 3034 294 3103 qni
308 3033 427 3102 priorum
442 3029 572 3099 exemplis
592 3027 724 3099 prolerre
736 3027 845 3096 cupitis,
860 3025 1041 3083 misissemus.
1050 3023 1109 3101 ,Sed
1123 3036 1173 3080 nos
1186 3022 1348 3090 recolentes,
1364 3024 1387 3080 si
1402 3024 1428 3080 id
1443 3024 1588 3093 egerimus,
1605 3025 1723 3092 periido·

84 3141 147 3185 rum
163 3140 211 3181 nos
223 3125 363 3182 latratibus
375 3134 456 3195 atque
470 3122 614 3189 morsibus,
629 3121 674 3190 gui
694 3117 844 3174 doctrinam
865 3131 986 3187 querere
1004 3116 1128 3172 nesciunt
1141 3115 1190 3172 sed
1215 3115 1346 3182 inridere,
1361 3114 1503 3181 dilaniari3
1518 3115 1631 3184 duplicis
1645 3115 1718 3172 redd

86 3233 204 3276 moerore
219 3218 396 3284 concutimur,
412 3214 475 3271 dum
487 3222 514 3269 ct
528 3213 623 3268 restris
637 3224 690 3266 non
704 3223 799 3280 parere
810 3207 987 3278 jussionibus,
1000 3208 1118 3278 ipelsgue
1132 3208 1275 3278 displicere
1290 3205 1444 3265 meruimus.
1459 3207 1514 3264 l’isi
1529 3218 1618 3264 umen
1629 3208 1724 3264 Omni-

86 3311 206 3382 potentis
215 3306 448 3381 promissionibus,
464 3305 510 3375 qui
524 3319 572 3374 per
586 3303 745 3372 prophetam
758 3314 839 3357 suum
858 3297 971 3368 loquens
986 3297 1120 3367 innotuit,
1133 3296 1195 3368 (guia
1208 3297 1253 3369 gui
1265 3297 1393 3353 ermbrent
1411 3297 1437 3350 in
1453 3296 1576 3366 lacrumis
1590 3306 1683 3352 metent
1695 3298 1725 3355 ia

87 3405 191 3476 pueritie
205 3402 264 3475 (Pr.
279 3415 362 3465 carr,
377 3399 418 3470 ii),
429 3407 526 3457 vestrm
539 3394 701 3452 satisfaciem
712 3390 850 3449 voluntari.
865 3389 972 3446 Scimus
984 3404 1101 3461 numque
1114 3389 1175 3459 guia
1192 3389 1215 3444 ei
1235 3403 1295 3460 que
1309 3387 1388 3459 digne
1401 3396 1464 3443 sunt
1479 3387 1589 3456 inriteri,
1604 3389 1724 3446 eteberi

86 3502 202 3566 possunt
213 3491 314 3549 sarculo
327 3489 468 3559 prodesse,
479 3487 711 3542 sanctissimorum
725 3481 826 3538 Christi
837 3478 1022 3537 molossorum
1036 3481 1109 3537 Vitas
1119 3490 1200 3552 atquo
1214 3480 1328 3536 virtutes
1341 3482 1410 3552 stylo
1423 3481 1483 3550 quis
1493 3480 1646 3550 digesserit,
1661 3493 1724 3535 cor·
1761 3559 1766 3567 ι

87 3586 245 3652 rexeritque
258 3582 299 3638 rel
315 3581 427 3646 rustico,
440 3591 467 3634 et
478 3577 530 3634 sibi
544 3574 706 3640 mercedem,
721 3580 750 3629 et
765 3570 864 3626 imitari
879 3570 1031 3628 volentibus
1044 3571 1166 3627 conieret
1178 3571 1299 3641 adusque
1312 3569 1436 3625 sulutem.
1447 3569 1630 3624 Pernrarimas
1643 3568 1725 3639 igitur
1739 3606 1745 3615 -

88 3677 343 3749 pretiosissimorum
356 3672 456 3728 Cbristi
468 3669 651 3727 conieseurum
666 3665 780 3722 ldaurilii
794 3672 876 3733 atoue
888 3662 978 3719 bibini
991 3664 1103 3720 virtutes
1114 3678 1167 3719 nou
1180 3664 1263 3733 loqui,
1277 3665 1335 3718 sire
1352 3662 1497 3729 corrigere,
1510 3663 1573 3727 nuic
1584 3661 1716 3718 inemori·
1748 3660 1751 3666 '

86 3769 176 3838 digner
186 3774 259 3833 snnt,
272 3764 373 3820 crimen
384 3761 523 3824 ducentes,
536 3757 652 3828 plebeio,
672 3764 702 3809 ut
714 3752 882 3824 postulastis,
899 3758 1003 3809 utentes
1016 3753 1131 3823 calamo,
1145 3768 1204 3825 quo,
1217 3753 1309 3823 potius
1323 3751 1476 3822 vulgaribus
1489 3753 1602 3820 prosint,
1616 3751 1651 3807 de
1664 3751 1724 3822 plu·

86 3859 166 3915 rimis
178 3871 272 3927 pauca,
283 3856 331 3911 sed
344 3864 444 3920 umen,
459 3851 514 3907 lieo
530 3858 608 3914 teste,
623 3844 760 3902 serissima
775 3841 951 3913 corrigemus,
964 3844 1121 3900 omittentes
1136 3843 1249 3913 plurimu
1264 3857 1279 3896 a
1294 3843 1441 3898 Fortunato
1453 3839 1536 3906 edita,
1549 3854 1610 3909 prm
1625 3839 1723 3896 lorias-

85 3952 126 4009 sis
137 3950 288 4006 inlidclibus
301 3945 468 4004 incredibilia
483 3942 649 3997 riderentur.
663 3939 729 4008 Qum
744 3952 808 3994 roro
821 3953 837 3991 e
852 3936 929 3992 nobis
942 3944 1064 3990 correcta
1078 3943 1143 3990 eunt
1155 3932 1251 3990 restris
1268 3932 1461 3989 sanctitudinis
1477 3929 1598 4000 petitioni
1613 3929 1723 4000 dignius

91 4037 229 4099 emenda
239 4039 402 4111 putarimus,
417 4044 447 4090 ut
460 4032 505 4103 gui
517 4031 576 4087 illos
589 4029 688 4086 imitari
698 4027 832 4100 gaudetis,
846 4026 952 4081 illorum
965 4025 1112 4095 proiiciatis
1123 4024 1267 4081 virtutibus
1278 4022 1440 4112 ulimmerii<

643 4177 761 4224 ircim·
778 4175 850 4221 virt
868 4176 978 4220 sancti
995 4175 1156 4222 utuntur.

124 4318 205 4386 igitur
223 4312 357 4369 liauriiius
370 4305 575 4366 Mediolanensis
588 4302 677 4374 oppidi
696 4301 818 4370 indigena
828 4315 876 4356 er·
889 4307 913 4371 c
927 4311 1016 4355 tunoto
1028 4301 1105 4354 tribui
1119 4301 1193 4366 solet,
1206 4300 1312 4356 debetur
1321 4299 1376 4355 iraee
1386 4299 1502 4353 cluendo
1513 4313 1523 4352 .·
1534 4296 1650 4362 Explicit
1661 4296 1720 4352 iiiia

86 4411 154 4471 etirit
168 4405 323 4478 parentibus
343 4399 575 4472 splendidissimis,
589 4405 642 4453 etc.
656 4393 703 4465 (ln
717 4392 877 4450 11111111-
929 4394 1001 4452 beati
1015 4393 1104 4449 Albini
1125 4392 1302 4464 compositae
1325 4393 1404 4448 beato
1423 4390 1553 4462 Gregorio
1575 4389 1717 4446 luroris·

87 4497 242 4562 triciecenei,
261 4496 296 4551 dc
318 4492 410 4564 Pcrc'y,
424 4493 451 4546 in
469 4487 676 4560 burgundicae
690 4486 764 4540 onnie
778 4484 878 4538 circiter
930 4487 1005 4544 urbis
1017 4484 1166 4558 episcopo.)

84 4590 235 4662 octingentis
248 4587 353 4658 scripto,
368 4593 425 4656 poet
440 4581 524 4636 Vitem
533 4579 617 4635 suncti
632 4577 729 4644 Albini,
742 4590 799 4646 pure
811 4572 879 4630 Fer·
1185 4665 1190 4673 ⁵

123 4713 242 4776 'idelius
254 4717 390 4773 diceretur
412 4715 439 4769 in
460 4713 524 4768 nitor
551 4710 683 4767 ieotornm
711 4706 830 4762 liceriiii
852 4716 879 4762 et
931 4705 1048 4761 uoluerit
1069 4704 1235 4774 licinartiue,
1250 4703 1362 4761 consule
1387 4702 1570 4775 prelationem
1581 4716 1654 4758 num.
1671 4699 1719 4765 80,

87 4782 185 4848 Albine.
198 4789 252 4845 iles
267 4787 336 4842 ritas
349 4801 409 4856 queo
422 4783 473 4838 sub
486 4781 625 4838 Fortunati
641 4780 749 4835 nornine
761 4777 824 4832 aiibi
836 4791 879 4831 re-
931 4778 986 4833 col.
999 4775 1044 4833 dii.
1504 4774 1583 4829 Enrr,

86 4863 227 4926 cudentur,
243 4859 268 4914 si
287 4858 358 4914 scire
371 4855 439 4912 nelis
452 4869 504 4924 qua
517 4853 551 4908 de
565 4864 646 4907 cuusa
669 4852 712 4904 iric
724 4847 880 4904 exscribere

94 4970 1716 5030 Μ--ῤ-ῄ

85 5118 197 5169 ulturi
214 5115 369 5165 61160111
386 5111 526 5158 liviscor!
539 5106 735 5154 Turonensis
755 5100 936 5147 1111111011
953 5093 1137 5141 0111110111
1150 5086 1304 5136 11101100
1319 5086 1359 5131 ss
1372 5083 1546 5143 61101100,
1561 5083 1719 5128 utriscum

778 5202 818 5246 ET
840 5195 1032 5244 FRATRIBUS.

550 5331 553 5338 '
579 5328 637 5400 (lie
649 5342 699 5381 nte.
719 5324 812 5381 Codice
829 5321 900 5393 opud
915 5317 1023 5374 Surium
1035 5315 1076 5370 dir
1091 5313 1107 5368 8
1120 5310 1223 5381 danii.)

122 5453 217 5514 Arete,
228 5447 318 5519 magni
332 5454 389 5501 toto
401 5442 468 5499 orbe
481 5437 618 5511 presnlcs',
634 5446 695 5492 ortu
716 5432 836 5504 gemelli,
850 5431 964 5485 unitate
978 5437 1128 5494 compares,
1152 5422 1248 5478 sacrati
1263 5420 1353 5485 simui,
1366 5419 1487 5476 coronati
1502 5419 1611 5487 pariter,
1621 5415 1708 5485 iuncti

85 5539 194 5601 &atie
206 5539 278 5595 dem
292 5535 388 5594 lesturn
404 5550 412 5590 ι
427 5529 530 5588 meritis
544 5536 636 5586 sancte
650 5524 777 5583 iiedardc
791 5538 851 5579 cum
874 5519 1002 5579 Gilderdo
1014 5516 1126 5590 inclyto,
1142 5528 1220 5586 opetu
1236 5512 1356 5585 poscenti
1369 5525 1476 5583 semper
1487 5507 1556 5567 lertc
1569 5508 1679 5580 populu.
