<?xml version="1.0" encoding="UTF-8"?>
<!DOCTYPE html PUBLIC "-//W3C//DTD XHTML 1.0 Transitional//EN"
    "http://www.w3.org/TR/xhtml1/DTD/xhtml1-transitional.dtd">
<html xmlns="http://www.w3.org/1999/xhtml" xml:lang="en" lang="en">
 <head>
  <title>
</title>
<meta http-equiv="Content-Type" content="text/html;charset=utf-8" />
  <meta name='ocr-system' content='tesseract 3.04.00' />
  <meta name='ocr-capabilities' content='ocr_page ocr_carea ocr_par ocr_line ocrx_word'/>
</head>
<body>
  <div class='ocr_page' id='page_1' title='image "./patrologiaecurs06unkngoog_0202.png"; bbox 0 0 3736 6248; ppageno 0'>
   <div class='ocr_carea' id='block_1_1' title="bbox 190 377 244 437">
    <p class='ocr_par' dir='ltr' id='par_1_1' title="bbox 190 377 244 437">
     <span class='ocr_line' id='line_1_1' title="bbox 190 377 244 437; baseline -0.037 0"><span class='ocrx_word' id='word_1_1' title='bbox 190 377 244 437; x_wconf 68' lang='lat' dir='ltr'><strong>dil!</strong></span> 
     </span>
    </p>
   </div>
   <div class='ocr_carea' id='block_1_2' title="bbox 673 370 1335 436">
    <p class='ocr_par' dir='ltr' id='par_1_2' title="bbox 673 370 1335 436">
     <span class='ocr_line' id='line_1_2' title="bbox 673 370 1335 436; baseline -0.002 -3"><span class='ocrx_word' id='word_1_2' title='bbox 673 378 702 433; x_wconf 85' lang='lat' dir='ltr'><strong>S.</strong></span> <span class='ocrx_word' id='word_1_3' title='bbox 723 377 888 436; x_wconf 78' lang='lat' dir='ltr'><strong>ddteotttt</strong></span> <span class='ocrx_word' id='word_1_4' title='bbox 909 371 1061 431; x_wconf 76' lang='lat' dir='ltr'><strong>teutscot‘t</strong></span> <span class='ocrx_word' id='word_1_5' title='bbox 1082 370 1300 432; x_wconf 59' lang='lat' dir='ltr'><strong>rotonense</strong></span> <span class='ocrx_word' id='word_1_6' title='bbox 1333 406 1335 412; x_wconf 95' lang='lat'><em>·</em></span> 
     </span>
    </p>
   </div>
   <div class='ocr_carea' id='block_1_3' title="bbox 1763 373 1819 429">
    <p class='ocr_par' dir='ltr' id='par_1_3' title="bbox 1763 373 1819 429">
     <span class='ocr_line' id='line_1_3' title="bbox 1763 373 1819 429; baseline -0.018 0"><span class='ocrx_word' id='word_1_7' title='bbox 1763 373 1819 429; x_wconf 84' lang='lat' dir='ltr'><strong>tot</strong></span> 
     </span>
    </p>
   </div>
   <div class='ocr_carea' id='block_1_4' title="bbox 189 484 1818 560">
    <p class='ocr_par' dir='ltr' id='par_1_4' title="bbox 189 484 1818 560">
     <span class='ocr_line' id='line_1_4' title="bbox 189 484 1818 560; baseline -0.002 -15"><span class='ocrx_word' id='word_1_8' title='bbox 189 489 317 560; x_wconf 75' lang='lat' dir='ltr'><strong>expulsus</strong></span> <span class='ocrx_word' id='word_1_9' title='bbox 331 497 382 551; x_wconf 89' lang='lat' dir='ltr'><strong>est,</strong></span> <span class='ocrx_word' id='word_1_10' title='bbox 397 487 438 542; x_wconf 86' lang='lat' dir='ltr'><strong>rel</strong></span> <span class='ocrx_word' id='word_1_11' title='bbox 454 495 587 556; x_wconf 86' lang='lat' dir='ltr'><strong>receptus.</strong></span> <span class='ocrx_word' id='word_1_12' title='bbox 609 488 729 542; x_wconf 82' lang='lat' dir='ltr'><strong>Clericus</strong></span> <span class='ocrx_word' id='word_1_13' title='bbox 749 489 857 557; x_wconf 86' lang='lat' dir='ltr'><strong>quidam</strong></span> <span class='ocrx_word' id='word_1_14' title='bbox 872 484 1012 542; x_wconf 77' lang='lat' dir='ltr'><strong>exstititit</strong></span> <span class='ocrx_word' id='word_1_15' title='bbox 1027 491 1163 552; x_wconf 89' lang='lat' dir='ltr'><strong>totumquo</strong></span> <span class='ocrx_word' id='word_1_16' title='bbox 1178 497 1276 549; x_wconf 88' lang='lat' dir='ltr'><strong>corpus</strong></span> <span class='ocrx_word' id='word_1_17' title='bbox 1291 495 1407 538; x_wconf 82' lang='lat' dir='ltr'><strong>tremore</strong></span> <span class='ocrx_word' id='word_1_18' title='bbox 1423 485 1604 554; x_wconf 82' lang='lat' dir='ltr'><strong>quatiebatur3</strong></span> <span class='ocrx_word' id='word_1_19' title='bbox 1618 486 1665 540; x_wconf 87' lang='lat' dir='ltr'><strong>scd</strong></span> <span class='ocrx_word' id='word_1_20' title='bbox 1680 494 1707 540; x_wconf 88' lang='lat' dir='ltr'><strong>ct</strong></span> <span class='ocrx_word' id='word_1_21' title='bbox 1718 502 1818 544; x_wconf 88' lang='lat' dir='ltr'><strong>manus</strong></span> 
     </span>
    </p>
   </div>
   <div class='ocr_carea' id='block_1_5' title="bbox 184 578 973 1825">
    <p class='ocr_par' dir='ltr' id='par_1_5' title="bbox 184 578 973 1825">
     <span class='ocr_line' id='line_1_5' title="bbox 188 578 973 642; baseline -0.006 -4"><span class='ocrx_word' id='word_1_22' title='bbox 188 596 221 638; x_wconf 83' lang='lat' dir='ltr'><strong>ot</strong></span> <span class='ocrx_word' id='word_1_23' title='bbox 235 578 430 635; x_wconf 76' lang='lat' dir='ltr'><strong>Cenomannica</strong></span> <span class='ocrx_word' id='word_1_24' title='bbox 451 579 527 641; x_wconf 90' lang='lat' dir='ltr'><strong>nrbc,</strong></span> <span class='ocrx_word' id='word_1_25' title='bbox 542 579 694 634; x_wconf 76' lang='lat' dir='ltr'><strong>luxuriosus</strong></span> <span class='ocrx_word' id='word_1_26' title='bbox 709 580 801 642; x_wconf 91' lang='lat' dir='ltr'><strong>nimis,</strong></span> <span class='ocrx_word' id='word_1_27' title='bbox 817 589 973 642; x_wconf 71' lang='lat' dir='ltr'>amatorque</span> 
     </span>
     <span class='ocr_line' id='line_1_6' title="bbox 188 669 971 741; baseline -0.004 -15"><span class='ocrx_word' id='word_1_28' title='bbox 188 672 341 737; x_wconf 69' lang='lat' dir='ltr'><strong>audierunt,</strong></span> <span class='ocrx_word' id='word_1_29' title='bbox 353 679 381 727; x_wconf 80' lang='lat' dir='ltr'><strong>el</strong></span> <span class='ocrx_word' id='word_1_30' title='bbox 391 671 459 741; x_wconf 76' lang='lat' dir='ltr'><strong>gttlte</strong></span> <span class='ocrx_word' id='word_1_31' title='bbox 472 685 504 725; x_wconf 80' lang='lat' dir='ltr'><strong>ec</strong></span> <span class='ocrx_word' id='word_1_32' title='bbox 518 669 709 731; x_wconf 74' lang='lat' dir='ltr'><strong>fornicationis,</strong></span> <span class='ocrx_word' id='word_1_33' title='bbox 721 671 847 736; x_wconf 83' lang='lat' dir='ltr'><strong>omnique</strong></span> <span class='ocrx_word' id='word_1_34' title='bbox 861 671 971 723; x_wconf 85' lang='lat' dir='ltr'><strong>ltntntttt·</strong></span> 
     </span>
     <span class='ocr_line' id='line_1_7' title="bbox 187 758 972 832; baseline -0.006 -14"><span class='ocrx_word' id='word_1_35' title='bbox 187 763 261 818; x_wconf 84' lang='lat' dir='ltr'><strong>etttae</strong></span> <span class='ocrx_word' id='word_1_36' title='bbox 283 762 362 819; x_wconf 85' lang='lat' dir='ltr'><strong>ralde</strong></span> <span class='ocrx_word' id='word_1_37' title='bbox 378 762 492 816; x_wconf 89' lang='lat' dir='ltr'><strong>deditus.</strong></span> <span class='ocrx_word' id='word_1_38' title='bbox 519 761 568 815; x_wconf 92' lang='lat' dir='ltr'><strong>llic</strong></span> <span class='ocrx_word' id='word_1_39' title='bbox 591 759 695 814; x_wconf 89' lang='lat' dir='ltr'><strong>mulieri</strong></span> <span class='ocrx_word' id='word_1_40' title='bbox 713 760 765 832; x_wconf 78' lang='lat' dir='ltr'><strong>[rit.</strong></span> <span class='ocrx_word' id='word_1_41' title='bbox 781 758 912 832; x_wconf 72' lang='lat' dir='ltr'><strong>ntulieris]</strong></span> <span class='ocrx_word' id='word_1_42' title='bbox 926 774 972 814; x_wconf 90' lang='lat' dir='ltr'><strong>cu-</strong></span> 
     </span>
     <span class='ocr_line' id='line_1_8' title="bbox 186 848 973 923; baseline 0.001 -18"><span class='ocrx_word' id='word_1_43' title='bbox 186 848 293 923; x_wconf 77' lang='lat' dir='ltr'><strong>ltttdttm</strong></span> <span class='ocrx_word' id='word_1_44' title='bbox 319 852 417 921; x_wconf 70' lang='lat' dir='ltr'><strong>sepius</strong></span> <span class='ocrx_word' id='word_1_45' title='bbox 440 861 528 905; x_wconf 87' lang='lat' dir='ltr'><strong>scorto</strong></span> <span class='ocrx_word' id='word_1_46' title='bbox 551 850 723 915; x_wconf 80' lang='lat' dir='ltr'><strong>commixtus,</strong></span> <span class='ocrx_word' id='word_1_47' title='bbox 749 866 853 905; x_wconf 85' lang='lat' dir='ltr'><strong>comato</strong></span> <span class='ocrx_word' id='word_1_48' title='bbox 879 853 973 918; x_wconf 81' lang='lat' dir='ltr'><strong>rapitis</strong></span> 
     </span>
     <span class='ocr_line' id='line_1_9' title="bbox 189 940 972 1012; baseline 0 -15"><span class='ocrx_word' id='word_1_49' title='bbox 189 943 314 1009; x_wconf 91' lang='lat' dir='ltr'><strong>totondit,</strong></span> <span class='ocrx_word' id='word_1_50' title='bbox 335 940 492 1012; x_wconf 82' lang='lat' dir='ltr'><strong>tnttteloqtto</strong></span> <span class='ocrx_word' id='word_1_51' title='bbox 504 941 574 996; x_wconf 89' lang='lat' dir='ltr'><strong>ririli</strong></span> <span class='ocrx_word' id='word_1_52' title='bbox 595 942 686 997; x_wconf 84' lang='lat' dir='ltr'><strong>babitu</strong></span> <span class='ocrx_word' id='word_1_53' title='bbox 703 951 728 1007; x_wconf 82' lang='lat'><strong>¹,</strong></span> <span class='ocrx_word' id='word_1_54' title='bbox 741 955 831 997; x_wconf 85' lang='lat' dir='ltr'><strong>secum</strong></span> <span class='ocrx_word' id='word_1_55' title='bbox 853 944 878 995; x_wconf 94' lang='lat' dir='ltr'><strong>iu</strong></span> <span class='ocrx_word' id='word_1_56' title='bbox 893 943 972 997; x_wconf 84' lang='lat' dir='ltr'><strong>aliam</strong></span> 
     </span>
     <span class='ocr_line' id='line_1_10' title="bbox 187 1031 972 1101; baseline -0.001 -14"><span class='ocrx_word' id='word_1_57' title='bbox 187 1033 322 1088; x_wconf 74' lang='lat' dir='ltr'><strong>civitatem</strong></span> <span class='ocrx_word' id='word_1_58' title='bbox 347 1033 468 1098; x_wconf 86' lang='lat' dir='ltr'><strong>deduxit,</strong></span> <span class='ocrx_word' id='word_1_59' title='bbox 481 1043 511 1087; x_wconf 92' lang='lat' dir='ltr'><strong>ut</strong></span> <span class='ocrx_word' id='word_1_60' title='bbox 524 1031 640 1101; x_wconf 82' lang='lat' dir='ltr'><strong>suspicio</strong></span> <span class='ocrx_word' id='word_1_61' title='bbox 663 1032 786 1086; x_wconf 83' lang='lat' dir='ltr'><strong>adulterii</strong></span> <span class='ocrx_word' id='word_1_62' title='bbox 810 1033 972 1096; x_wconf 87' lang='lat' dir='ltr'><strong>aulerrctur,</strong></span> 
     </span>
     <span class='ocr_line' id='line_1_11' title="bbox 186 1123 973 1193; baseline -0.004 -13"><span class='ocrx_word' id='word_1_63' title='bbox 186 1138 247 1180; x_wconf 85' lang='lat' dir='ltr'><strong>cum</strong></span> <span class='ocrx_word' id='word_1_64' title='bbox 268 1126 336 1180; x_wconf 88' lang='lat' dir='ltr'><strong>inter</strong></span> <span class='ocrx_word' id='word_1_65' title='bbox 355 1124 503 1193; x_wconf 86' lang='lat' dir='ltr'><strong>incognitos</strong></span> <span class='ocrx_word' id='word_1_66' title='bbox 520 1123 679 1180; x_wconf 77' lang='lat' dir='ltr'><strong>dormisset</strong></span> <span class='ocrx_word' id='word_1_67' title='bbox 702 1123 765 1179; x_wconf 78' lang='lat' dir='ltr'><strong>Erat</strong></span> <span class='ocrx_word' id='word_1_68' title='bbox 784 1123 856 1178; x_wconf 86' lang='lat' dir='ltr'><strong>onim</strong></span> <span class='ocrx_word' id='word_1_69' title='bbox 878 1125 973 1177; x_wconf 90' lang='lat' dir='ltr'><strong>ourtier</strong></span> 
     </span>
     <span class='ocr_line' id='line_1_12' title="bbox 187 1214 972 1286; baseline -0.005 -14"><span class='ocrx_word' id='word_1_70' title='bbox 187 1219 301 1286; x_wconf 82' lang='lat' dir='ltr'><strong>ingenua</strong></span> <span class='ocrx_word' id='word_1_71' title='bbox 323 1225 471 1285; x_wconf 63' lang='lat' dir='ltr'><strong>generem</strong></span> <span class='ocrx_word' id='word_1_72' title='bbox 493 1215 528 1271; x_wconf 89' lang='lat' dir='ltr'><strong>de</strong></span> <span class='ocrx_word' id='word_1_73' title='bbox 551 1216 628 1270; x_wconf 87' lang='lat' dir='ltr'><strong>bonis</strong></span> <span class='ocrx_word' id='word_1_74' title='bbox 640 1223 698 1269; x_wconf 89' lang='lat' dir='ltr'><strong>orta</strong></span> <span class='ocrx_word' id='word_1_75' title='bbox 712 1214 972 1283; x_wconf 59' lang='lat' dir='ltr'><strong>parenttbosscom-</strong></span> 
     </span>
     <span class='ocr_line' id='line_1_13' title="bbox 187 1305 972 1376; baseline -0.003 -15"><span class='ocrx_word' id='word_1_76' title='bbox 187 1316 264 1376; x_wconf 80' lang='lat' dir='ltr'><strong>perte</strong></span> <span class='ocrx_word' id='word_1_77' title='bbox 284 1316 374 1362; x_wconf 84' lang='lat' dir='ltr'><strong>autem</strong></span> <span class='ocrx_word' id='word_1_78' title='bbox 399 1317 459 1376; x_wconf 83' lang='lat' dir='ltr'><strong>post</strong></span> <span class='ocrx_word' id='word_1_79' title='bbox 481 1306 539 1362; x_wconf 90' lang='lat' dir='ltr'><strong>dics</strong></span> <span class='ocrx_word' id='word_1_80' title='bbox 563 1306 661 1360; x_wconf 88' lang='lat' dir='ltr'><strong>multos</strong></span> <span class='ocrx_word' id='word_1_81' title='bbox 688 1305 827 1375; x_wconf 84' lang='lat' dir='ltr'><strong>propinqui</strong></span> <span class='ocrx_word' id='word_1_82' title='bbox 841 1306 899 1373; x_wconf 80' lang='lat' dir='ltr'><strong>eius</strong></span> <span class='ocrx_word' id='word_1_83' title='bbox 912 1321 972 1375; x_wconf 80' lang='lat' dir='ltr'><strong>qum</strong></span> 
     </span>
     <span class='ocr_line' id='line_1_14' title="bbox 187 1394 972 1464; baseline -0.001 -14"><span class='ocrx_word' id='word_1_84' title='bbox 187 1407 247 1451; x_wconf 86' lang='lat' dir='ltr'><strong>aeta</strong></span> <span class='ocrx_word' id='word_1_85' title='bbox 270 1395 387 1461; x_wconf 79' lang='lat' dir='ltr'><strong>buerant,</strong></span> <span class='ocrx_word' id='word_1_86' title='bbox 410 1396 444 1451; x_wconf 89' lang='lat' dir='ltr'><strong>ad</strong></span> <span class='ocrx_word' id='word_1_87' title='bbox 465 1397 644 1451; x_wconf 87' lang='lat' dir='ltr'><strong>ulciscendam</strong></span> <span class='ocrx_word' id='word_1_88' title='bbox 668 1395 843 1450; x_wconf 72' lang='lat' dir='ltr'><strong>humilitatem</strong></span> <span class='ocrx_word' id='word_1_89' title='bbox 866 1394 972 1464; x_wconf 84' lang='lat' dir='ltr'><strong>generis</strong></span> 
     </span>
     <span class='ocr_line' id='line_1_15' title="bbox 184 1486 971 1554; baseline -0.001 -15"><span class='ocrx_word' id='word_1_90' title='bbox 184 1487 228 1539; x_wconf 86' lang='lat' dir='ltr'><strong>sui</strong></span> <span class='ocrx_word' id='word_1_91' title='bbox 249 1486 367 1540; x_wconf 84' lang='lat' dir='ltr'><strong>uelocius</strong></span> <span class='ocrx_word' id='word_1_92' title='bbox 389 1497 542 1554; x_wconf 85' lang='lat' dir='ltr'><strong>properant,</strong></span> <span class='ocrx_word' id='word_1_93' title='bbox 560 1496 750 1554; x_wconf 83' lang='lat' dir='ltr'><strong>repertumque</strong></span> <span class='ocrx_word' id='word_1_94' title='bbox 770 1487 898 1540; x_wconf 89' lang='lat' dir='ltr'><strong>clericum</strong></span> <span class='ocrx_word' id='word_1_95' title='bbox 914 1486 971 1539; x_wconf 88' lang='lat' dir='ltr'><strong>r&#39;io-</strong></span> 
     </span>
     <span class='ocr_line' id='line_1_16' title="bbox 184 1576 970 1646; baseline -0.003 -15"><span class='ocrx_word' id='word_1_96' title='bbox 184 1586 258 1631; x_wconf 76' lang='lat' dir='ltr'><strong>stutu</strong></span> <span class='ocrx_word' id='word_1_97' title='bbox 279 1578 407 1632; x_wconf 73' lang='lat' dir='ltr'><strong>custodire</strong></span> <span class='ocrx_word' id='word_1_98' title='bbox 421 1578 588 1646; x_wconf 80' lang='lat' dir='ltr'><strong>mancipant3</strong></span> <span class='ocrx_word' id='word_1_99' title='bbox 605 1577 742 1632; x_wconf 87' lang='lat' dir='ltr'><strong>mulierem</strong></span> <span class='ocrx_word' id='word_1_100' title='bbox 758 1591 821 1630; x_wconf 84' lang='lat' dir='ltr'><strong>tero</strong></span> <span class='ocrx_word' id='word_1_101' title='bbox 835 1576 886 1645; x_wconf 87' lang='lat' dir='ltr'><strong>igni</strong></span> <span class='ocrx_word' id='word_1_102' title='bbox 903 1591 970 1629; x_wconf 89' lang='lat' dir='ltr'><strong>cou-</strong></span> 
     </span>
     <span class='ocr_line' id='line_1_17' title="bbox 187 1665 969 1735; baseline 0 -17"><span class='ocrx_word' id='word_1_103' title='bbox 187 1676 307 1721; x_wconf 84' lang='lat' dir='ltr'><strong>sunutnt.</strong></span> <span class='ocrx_word' id='word_1_104' title='bbox 325 1669 367 1730; x_wconf 84' lang='lat' dir='ltr'><strong>Et,</strong></span> <span class='ocrx_word' id='word_1_105' title='bbox 381 1669 450 1722; x_wconf 90' lang='lat' dir='ltr'><strong>sicot</strong></span> <span class='ocrx_word' id='word_1_106' title='bbox 464 1669 536 1735; x_wconf 88' lang='lat' dir='ltr'><strong>cogit</strong></span> <span class='ocrx_word' id='word_1_107' title='bbox 559 1668 615 1721; x_wconf 87' lang='lat' dir='ltr'><strong>artri</strong></span> <span class='ocrx_word' id='word_1_108' title='bbox 639 1681 713 1720; x_wconf 86' lang='lat' dir='ltr'><strong>sacra</strong></span> <span class='ocrx_word' id='word_1_109' title='bbox 736 1665 831 1728; x_wconf 80' lang='lat' dir='ltr'><strong>lantes,</strong></span> <span class='ocrx_word' id='word_1_110' title='bbox 844 1665 969 1719; x_wconf 85' lang='lat' dir='ltr'><strong>clericum</strong></span> 
     </span>
     <span class='ocr_line' id='line_1_18' title="bbox 185 1756 969 1825; baseline -0.005 -13"><span class='ocrx_word' id='word_1_111' title='bbox 185 1760 237 1812; x_wconf 87' lang='lat' dir='ltr'><strong>sub</strong></span> <span class='ocrx_word' id='word_1_112' title='bbox 249 1758 336 1825; x_wconf 87' lang='lat' dir='ltr'><strong>pretio</strong></span> <span class='ocrx_word' id='word_1_113' title='bbox 348 1758 494 1813; x_wconf 85' lang='lat' dir='ltr'><strong>venundari</strong></span> <span class='ocrx_word' id='word_1_114' title='bbox 510 1768 663 1824; x_wconf 87' lang='lat' dir='ltr'><strong>procurant,</strong></span> <span class='ocrx_word' id='word_1_115' title='bbox 672 1772 703 1810; x_wconf 93' lang='lat' dir='ltr'><strong>ea</strong></span> <span class='ocrx_word' id='word_1_116' title='bbox 716 1756 841 1810; x_wconf 84' lang='lat' dir='ltr'><strong>uidelicet</strong></span> <span class='ocrx_word' id='word_1_117' title='bbox 857 1756 969 1821; x_wconf 87' lang='lat' dir='ltr'><strong>ratione,</strong></span> 
     </span>
    </p>
   </div>
   <div class='ocr_carea' id='block_1_6' title="bbox 1022 574 1817 1832">
    <p class='ocr_par' dir='ltr' id='par_1_6' title="bbox 1022 574 1817 1832">
     <span class='ocr_line' id='line_1_19' title="bbox 1026 574 1817 644; baseline 0.008 -18"><span class='ocrx_word' id='word_1_118' title='bbox 1026 574 1126 644; x_wconf 89' lang='lat' dir='ltr'><strong>absque</strong></span> <span class='ocrx_word' id='word_1_119' title='bbox 1151 576 1250 631; x_wconf 83' lang='lat' dir='ltr'><strong>virtuto</strong></span> <span class='ocrx_word' id='word_1_120' title='bbox 1273 586 1360 641; x_wconf 88' lang='lat' dir='ltr'><strong>crant,</strong></span> <span class='ocrx_word' id='word_1_121' title='bbox 1377 586 1404 629; x_wconf 91' lang='lat' dir='ltr'><strong>et</strong></span> <span class='ocrx_word' id='word_1_122' title='bbox 1418 592 1477 641; x_wconf 81' lang='lat' dir='ltr'><strong>quae</strong></span> <span class='ocrx_word' id='word_1_123' title='bbox 1497 577 1621 643; x_wconf 84' lang='lat' dir='ltr'><strong>optabam</strong></span> <span class='ocrx_word' id='word_1_124' title='bbox 1636 578 1748 639; x_wconf 89' lang='lat' dir='ltr'><strong>implere</strong></span> <span class='ocrx_word' id='word_1_125' title='bbox 1763 595 1817 631; x_wconf 88' lang='lat' dir='ltr'><strong>mm</strong></span> 
     </span>
     <span class='ocr_line' id='line_1_20' title="bbox 1026 666 1817 733; baseline 0.006 -17"><span class='ocrx_word' id='word_1_126' title='bbox 1026 677 1164 733; x_wconf 84' lang='lat' dir='ltr'><strong>poteram:</strong></span> <span class='ocrx_word' id='word_1_127' title='bbox 1179 679 1239 719; x_wconf 90' lang='lat' dir='ltr'><strong>cum</strong></span> <span class='ocrx_word' id='word_1_128' title='bbox 1255 681 1320 718; x_wconf 86' lang='lat' dir='ltr'><strong>tero</strong></span> <span class='ocrx_word' id='word_1_129' title='bbox 1343 680 1437 719; x_wconf 86' lang='lat' dir='ltr'><strong>manus</strong></span> <span class='ocrx_word' id='word_1_130' title='bbox 1458 666 1654 732; x_wconf 68' lang='lat' dir='ltr'>deposuissent,</span> <span class='ocrx_word' id='word_1_131' title='bbox 1670 667 1737 720; x_wconf 90' lang='lat' dir='ltr'><strong>nibil</strong></span> <span class='ocrx_word' id='word_1_132' title='bbox 1752 669 1817 721; x_wconf 83' lang='lat' dir='ltr'><strong>unali</strong></span> 
     </span>
     <span class='ocr_line' id='line_1_21' title="bbox 1025 755 1817 823; baseline 0 -15"><span class='ocrx_word' id='word_1_133' title='bbox 1025 757 1171 810; x_wconf 75' lang='lat' dir='ltr'><strong>sentiebam</strong></span> <span class='ocrx_word' id='word_1_134' title='bbox 1181 757 1301 810; x_wconf 88' lang='lat' dir='ltr'><strong>omnino.</strong></span> <span class='ocrx_word' id='word_1_135' title='bbox 1318 755 1435 823; x_wconf 79' lang='lat' dir='ltr'><strong>cogunt</strong></span> <span class='ocrx_word' id='word_1_136' title='bbox 1449 756 1521 810; x_wconf 74' lang='lat' dir='ltr'><strong>etnim</strong></span> <span class='ocrx_word' id='word_1_137' title='bbox 1535 755 1659 820; x_wconf 73' lang='lat' dir='ltr'><strong>quioniam</strong></span> <span class='ocrx_word' id='word_1_138' title='bbox 1673 765 1762 810; x_wconf 86' lang='lat' dir='ltr'><strong>tecum</strong></span> <span class='ocrx_word' id='word_1_139' title='bbox 1773 766 1817 808; x_wconf 90' lang='lat' dir='ltr'><strong>est</strong></span> 
     </span>
     <span class='ocr_line' id='line_1_22' title="bbox 1025 845 1817 916; baseline 0 -16"><span class='ocrx_word' id='word_1_140' title='bbox 1025 845 1164 914; x_wconf 80' lang='lat' dir='ltr'><strong>bominus,</strong></span> <span class='ocrx_word' id='word_1_141' title='bbox 1175 862 1208 901; x_wconf 92' lang='lat' dir='ltr'><strong>eo</strong></span> <span class='ocrx_word' id='word_1_142' title='bbox 1223 845 1292 915; x_wconf 91' lang='lat' dir='ltr'><strong>qnod</strong></span> <span class='ocrx_word' id='word_1_143' title='bbox 1307 863 1359 900; x_wconf 92' lang='lat' dir='ltr'><strong>non</strong></span> <span class='ocrx_word' id='word_1_144' title='bbox 1374 847 1446 916; x_wconf 92' lang='lat' dir='ltr'><strong>potui</strong></span> <span class='ocrx_word' id='word_1_145' title='bbox 1460 847 1559 916; x_wconf 88' lang='lat' dir='ltr'><strong>aliquid</strong></span> <span class='ocrx_word' id='word_1_146' title='bbox 1570 846 1618 900; x_wconf 91' lang='lat' dir='ltr'><strong>tibi</strong></span> <span class='ocrx_word' id='word_1_147' title='bbox 1631 861 1739 902; x_wconf 85' lang='lat' dir='ltr'><strong>nocero.</strong></span> <span class='ocrx_word' id='word_1_148' title='bbox 1752 846 1817 900; x_wconf 79' lang='lat' dir='ltr'><strong>ttoc</strong></span> 
     </span>
     <span class='ocr_line' id='line_1_23' title="bbox 1024 939 1817 1010; baseline 0.001 -17"><span class='ocrx_word' id='word_1_149' title='bbox 1024 954 1057 993; x_wconf 89' lang='lat' dir='ltr'><strong>eo</strong></span> <span class='ocrx_word' id='word_1_150' title='bbox 1071 939 1187 1007; x_wconf 81' lang='lat' dir='ltr'><strong>dicente,</strong></span> <span class='ocrx_word' id='word_1_151' title='bbox 1202 939 1275 995; x_wconf 87' lang='lat' dir='ltr'><strong>derit</strong></span> <span class='ocrx_word' id='word_1_152' title='bbox 1295 942 1430 1002; x_wconf 86' lang='lat' dir='ltr'><strong>sacerdos,</strong></span> <span class='ocrx_word' id='word_1_153' title='bbox 1448 941 1589 1010; x_wconf 84' lang='lat' dir='ltr'><strong>imponens</strong></span> <span class='ocrx_word' id='word_1_154' title='bbox 1610 941 1746 995; x_wconf 92' lang='lat' dir='ltr'><strong>silcntimn</strong></span> <span class='ocrx_word' id='word_1_155' title='bbox 1760 943 1817 994; x_wconf 89' lang='lat' dir='ltr'><strong>cle·</strong></span> 
     </span>
     <span class='ocr_line' id='line_1_24' title="bbox 1024 1032 1816 1101; baseline 0 -16"><span class='ocrx_word' id='word_1_156' title='bbox 1024 1032 1090 1095; x_wconf 87' lang='lat' dir='ltr'><strong>rico,</strong></span> <span class='ocrx_word' id='word_1_157' title='bbox 1107 1047 1283 1101; x_wconf 84' lang='lat' dir='ltr'><strong>reversosque</strong></span> <span class='ocrx_word' id='word_1_158' title='bbox 1296 1032 1404 1087; x_wconf 85' lang='lat' dir='ltr'><strong>doutom</strong></span> <span class='ocrx_word' id='word_1_159' title='bbox 1425 1047 1510 1087; x_wconf 82' lang='lat' dir='ltr'><strong>eoeoae</strong></span> <span class='ocrx_word' id='word_1_160' title='bbox 1519 1032 1664 1087; x_wconf 83' lang='lat' dir='ltr'><strong>discubuit.</strong></span> <span class='ocrx_word' id='word_1_161' title='bbox 1677 1033 1734 1100; x_wconf 84' lang='lat' dir='ltr'><strong>Qtra</strong></span> <span class='ocrx_word' id='word_1_162' title='bbox 1748 1049 1816 1088; x_wconf 82' lang='lat' dir='ltr'><strong>crtu-</strong></span> 
     </span>
     <span class='ocr_line' id='line_1_25' title="bbox 1022 1123 1815 1193; baseline 0.005 -17"><span class='ocrx_word' id='word_1_163' title='bbox 1022 1131 1077 1182; x_wconf 90' lang='lat' dir='ltr'><strong>eta,</strong></span> <span class='ocrx_word' id='word_1_164' title='bbox 1092 1123 1119 1177; x_wconf 92' lang='lat' dir='ltr'><strong>in</strong></span> <span class='ocrx_word' id='word_1_165' title='bbox 1134 1132 1217 1176; x_wconf 87' lang='lat' dir='ltr'><strong>strato</strong></span> <span class='ocrx_word' id='word_1_166' title='bbox 1228 1137 1277 1177; x_wconf 90' lang='lat' dir='ltr'><strong>suo</strong></span> <span class='ocrx_word' id='word_1_167' title='bbox 1290 1125 1409 1193; x_wconf 87' lang='lat' dir='ltr'><strong>quierit,</strong></span> <span class='ocrx_word' id='word_1_168' title='bbox 1424 1123 1525 1178; x_wconf 87' lang='lat' dir='ltr'><strong>balteos</strong></span> <span class='ocrx_word' id='word_1_169' title='bbox 1538 1125 1607 1179; x_wconf 87' lang='lat' dir='ltr'><strong>cirea</strong></span> <span class='ocrx_word' id='word_1_170' title='bbox 1623 1125 1720 1179; x_wconf 88' lang='lat' dir='ltr'><strong>lectum</strong></span> <span class='ocrx_word' id='word_1_171' title='bbox 1736 1141 1815 1180; x_wconf 90' lang='lat' dir='ltr'><strong>sunm</strong></span> 
     </span>
     <span class='ocr_line' id='line_1_26' title="bbox 1024 1212 1814 1281; baseline 0.006 -17"><span class='ocrx_word' id='word_1_172' title='bbox 1024 1212 1121 1265; x_wconf 91' lang='lat' dir='ltr'><strong>multos</strong></span> <span class='ocrx_word' id='word_1_173' title='bbox 1144 1212 1256 1266; x_wconf 81' lang='lat' dir='ltr'><strong>lectulos</strong></span> <span class='ocrx_word' id='word_1_174' title='bbox 1275 1212 1433 1266; x_wconf 89' lang='lat' dir='ltr'><strong>clericorum</strong></span> <span class='ocrx_word' id='word_1_175' title='bbox 1452 1222 1478 1265; x_wconf 76' lang='lat'><strong>⁸.</strong></span> <span class='ocrx_word' id='word_1_176' title='bbox 1501 1212 1620 1281; x_wconf 86' lang='lat' dir='ltr'><strong>Denique</strong></span> <span class='ocrx_word' id='word_1_177' title='bbox 1645 1213 1724 1267; x_wconf 87' lang='lat' dir='ltr'><strong>dillisi</strong></span> <span class='ocrx_word' id='word_1_178' title='bbox 1739 1214 1767 1266; x_wconf 92' lang='lat' dir='ltr'><strong>bi</strong></span> <span class='ocrx_word' id='word_1_179' title='bbox 1779 1215 1814 1269; x_wconf 90' lang='lat' dir='ltr'><strong>de</strong></span> 
     </span>
     <span class='ocr_line' id='line_1_27' title="bbox 1025 1302 1813 1374; baseline 0 -17"><span class='ocrx_word' id='word_1_180' title='bbox 1025 1302 1106 1373; x_wconf 71' lang='lat'><strong>313</strong></span> <span class='ocrx_word' id='word_1_181' title='bbox 1120 1303 1228 1367; x_wconf 89' lang='lat' dir='ltr'><strong>clerico,</strong></span> <span class='ocrx_word' id='word_1_182' title='bbox 1245 1318 1291 1370; x_wconf 88' lang='lat' dir='ltr'><strong>per</strong></span> <span class='ocrx_word' id='word_1_183' title='bbox 1301 1318 1332 1358; x_wconf 91' lang='lat' dir='ltr'><strong>se</strong></span> <span class='ocrx_word' id='word_1_184' title='bbox 1346 1303 1421 1358; x_wconf 83' lang='lat' dir='ltr'><strong>oetas</strong></span> <span class='ocrx_word' id='word_1_185' title='bbox 1433 1304 1561 1368; x_wconf 85' lang='lat' dir='ltr'><strong>perlicere</strong></span> <span class='ocrx_word' id='word_1_186' title='bbox 1575 1305 1734 1374; x_wconf 82' lang='lat' dir='ltr'><strong>cogitantes,</strong></span> <span class='ocrx_word' id='word_1_187' title='bbox 1746 1321 1813 1359; x_wconf 84' lang='lat' dir='ltr'><strong>nora</strong></span> 
     </span>
     <span class='ocr_line' id='line_1_28' title="bbox 1023 1392 1813 1462; baseline 0.005 -18"><span class='ocrx_word' id='word_1_188' title='bbox 1023 1402 1177 1459; x_wconf 81' lang='lat' dir='ltr'><strong>argomento</strong></span> <span class='ocrx_word' id='word_1_189' title='bbox 1192 1392 1384 1455; x_wconf 83' lang='lat' dir='ltr'><strong>machinantur,</strong></span> <span class='ocrx_word' id='word_1_190' title='bbox 1400 1409 1447 1462; x_wconf 89' lang='lat' dir='ltr'><strong>pcr</strong></span> <span class='ocrx_word' id='word_1_191' title='bbox 1460 1409 1531 1462; x_wconf 69' lang='lat' dir='ltr'><strong>quse,</strong></span> <span class='ocrx_word' id='word_1_192' title='bbox 1543 1404 1588 1448; x_wconf 91' lang='lat' dir='ltr'><strong>aut</strong></span> <span class='ocrx_word' id='word_1_193' title='bbox 1602 1410 1663 1450; x_wconf 91' lang='lat' dir='ltr'><strong>eum</strong></span> <span class='ocrx_word' id='word_1_194' title='bbox 1675 1396 1699 1449; x_wconf 87' lang='lat' dir='ltr'><strong>ri</strong></span> <span class='ocrx_word' id='word_1_195' title='bbox 1712 1398 1813 1450; x_wconf 81' lang='lat' dir='ltr'><strong>exstin-</strong></span> 
     </span>
     <span class='ocr_line' id='line_1_29' title="bbox 1022 1486 1813 1555; baseline 0.004 -15"><span class='ocrx_word' id='word_1_196' title='bbox 1022 1494 1147 1553; x_wconf 82' lang='lat' dir='ltr'><strong>guerent,</strong></span> <span class='ocrx_word' id='word_1_197' title='bbox 1159 1496 1206 1539; x_wconf 85' lang='lat' dir='ltr'><strong>ant</strong></span> <span class='ocrx_word' id='word_1_198' title='bbox 1219 1495 1292 1540; x_wconf 90' lang='lat' dir='ltr'><strong>certe</strong></span> <span class='ocrx_word' id='word_1_199' title='bbox 1306 1486 1419 1551; x_wconf 86' lang='lat' dir='ltr'><strong>crimen,</strong></span> <span class='ocrx_word' id='word_1_200' title='bbox 1434 1503 1486 1555; x_wconf 92' lang='lat' dir='ltr'><strong>quo</strong></span> <span class='ocrx_word' id='word_1_201' title='bbox 1505 1502 1520 1540; x_wconf 87' lang='lat' dir='ltr'><strong>a</strong></span> <span class='ocrx_word' id='word_1_202' title='bbox 1536 1487 1687 1542; x_wconf 87' lang='lat' dir='ltr'><strong>sacerdotio</strong></span> <span class='ocrx_word' id='word_1_203' title='bbox 1699 1488 1813 1543; x_wconf 88' lang='lat' dir='ltr'><strong>direlic-</strong></span> 
     </span>
     <span class='ocr_line' id='line_1_30' title="bbox 1023 1573 1813 1646; baseline 0.009 -18"><span class='ocrx_word' id='word_1_204' title='bbox 1023 1585 1112 1635; x_wconf 90' lang='lat' dir='ltr'><strong>retor,</strong></span> <span class='ocrx_word' id='word_1_205' title='bbox 1127 1573 1307 1643; x_wconf 87' lang='lat' dir='ltr'><strong>itoponereot.</strong></span> <span class='ocrx_word' id='word_1_206' title='bbox 1337 1575 1439 1630; x_wconf 88' lang='lat' dir='ltr'><strong>loterea</strong></span> <span class='ocrx_word' id='word_1_207' title='bbox 1466 1578 1663 1646; x_wconf 75' lang='lat' dir='ltr'><strong>quiescentibus</strong></span> <span class='ocrx_word' id='word_1_208' title='bbox 1686 1581 1813 1646; x_wconf 74' lang='lat' dir='ltr'><strong>crmctiS,</strong></span> 
     </span>
     <span class='ocr_line' id='line_1_31' title="bbox 1023 1667 1812 1740; baseline 0.006 -20"><span class='ocrx_word' id='word_1_209' title='bbox 1023 1667 1110 1721; x_wconf 82' lang='lat' dir='ltr'><strong>inedia</strong></span> <span class='ocrx_word' id='word_1_210' title='bbox 1126 1667 1184 1722; x_wconf 86' lang='lat' dir='ltr'><strong>iere</strong></span> <span class='ocrx_word' id='word_1_211' title='bbox 1207 1677 1286 1723; x_wconf 88' lang='lat' dir='ltr'><strong>nocte</strong></span> <span class='ocrx_word' id='word_1_212' title='bbox 1308 1670 1460 1724; x_wconf 81' lang='lat' dir='ltr'><strong>cubiculum</strong></span> <span class='ocrx_word' id='word_1_213' title='bbox 1483 1671 1630 1725; x_wconf 79' lang='lat' dir='ltr'><strong>sacerdotis</strong></span> <span class='ocrx_word' id='word_1_214' title='bbox 1652 1674 1812 1740; x_wconf 87' lang='lat' dir='ltr'><strong>irrumpunt,</strong></span> 
     </span>
     <span class='ocr_line' id='line_1_32' title="bbox 1022 1758 1812 1832; baseline 0.014 -23"><span class='ocrx_word' id='word_1_215' title='bbox 1022 1758 1202 1812; x_wconf 78' lang='lat' dir='ltr'><strong>exclamantes</strong></span> <span class='ocrx_word' id='word_1_216' title='bbox 1227 1774 1293 1813; x_wconf 85' lang='lat' dir='ltr'><strong>voco</strong></span> <span class='ocrx_word' id='word_1_217' title='bbox 1319 1766 1428 1831; x_wconf 80' lang='lat' dir='ltr'><strong>magna,</strong></span> <span class='ocrx_word' id='word_1_218' title='bbox 1445 1771 1524 1832; x_wconf 87' lang='lat' dir='ltr'><strong>atque</strong></span> <span class='ocrx_word' id='word_1_219' title='bbox 1536 1763 1654 1818; x_wconf 88' lang='lat' dir='ltr'><strong>dicentes</strong></span> <span class='ocrx_word' id='word_1_220' title='bbox 1670 1764 1770 1818; x_wconf 77' lang='lat' dir='ltr'><strong>stetere</strong></span> <span class='ocrx_word' id='word_1_221' title='bbox 1782 1781 1812 1820; x_wconf 80' lang='lat' dir='ltr'><strong>so</strong></span> 
     </span>
    </p>
   </div>
   <div class='ocr_carea' id='block_1_7' title="bbox 184 1848 1812 1922">
    <p class='ocr_par' dir='ltr' id='par_1_7' title="bbox 184 1848 1812 1922">
     <span class='ocr_line' id='line_1_33' title="bbox 184 1848 1812 1922; baseline 0.002 -17"><span class='ocrx_word' id='word_1_222' title='bbox 184 1861 215 1905; x_wconf 93' lang='lat' dir='ltr'><strong>ut</strong></span> <span class='ocrx_word' id='word_1_223' title='bbox 228 1861 358 1906; x_wconf 80' lang='lat' dir='ltr'><strong>antestet</strong></span> <span class='ocrx_word' id='word_1_224' title='bbox 370 1851 416 1919; x_wconf 91' lang='lat' dir='ltr'><strong>qui</strong></span> <span class='ocrx_word' id='word_1_225' title='bbox 432 1850 585 1914; x_wconf 79' lang='lat' dir='ltr'><strong>redimeret,</strong></span> <span class='ocrx_word' id='word_1_226' title='bbox 597 1859 644 1904; x_wconf 91' lang='lat' dir='ltr'><strong>aot</strong></span> <span class='ocrx_word' id='word_1_227' title='bbox 657 1860 730 1904; x_wconf 88' lang='lat' dir='ltr'><strong>certe</strong></span> <span class='ocrx_word' id='word_1_228' title='bbox 742 1850 819 1903; x_wconf 92' lang='lat' dir='ltr'><strong>morti</strong></span> <span class='ocrx_word' id='word_1_229' title='bbox 831 1849 969 1903; x_wconf 85' lang='lat' dir='ltr'><strong>addicere·</strong></span> <span class='ocrx_word' id='word_1_230' title='bbox 985 1855 1008 1914; x_wconf 78' lang='grc' dir='ltr'><strong><em>Β</em></strong></span> <span class='ocrx_word' id='word_1_231' title='bbox 1022 1848 1160 1901; x_wconf 87' lang='lat' dir='ltr'><strong>mulierem</strong></span> <span class='ocrx_word' id='word_1_232' title='bbox 1175 1863 1189 1900; x_wconf 85' lang='lat' dir='ltr'><strong>a</strong></span> <span class='ocrx_word' id='word_1_233' title='bbox 1205 1849 1330 1915; x_wconf 80' lang='lat' dir='ltr'><strong>cubiculo</strong></span> <span class='ocrx_word' id='word_1_234' title='bbox 1344 1852 1446 1917; x_wconf 87' lang='lat' dir='ltr'><strong>egredi,</strong></span> <span class='ocrx_word' id='word_1_235' title='bbox 1463 1853 1600 1922; x_wconf 87' lang='lat' dir='ltr'><strong>ipsamque</strong></span> <span class='ocrx_word' id='word_1_236' title='bbox 1616 1855 1651 1907; x_wconf 95' lang='lat' dir='ltr'><strong>ob</strong></span> <span class='ocrx_word' id='word_1_237' title='bbox 1666 1855 1717 1909; x_wconf 91' lang='lat' dir='ltr'><strong>boe</strong></span> <span class='ocrx_word' id='word_1_238' title='bbox 1730 1855 1812 1908; x_wconf 87' lang='lat' dir='ltr'><strong>diod-</strong></span> 
     </span>
    </p>
   </div>
   <div class='ocr_carea' id='block_1_8' title="bbox 182 1939 970 3104">
    <p class='ocr_par' dir='ltr' id='par_1_8' title="bbox 182 1939 970 3104">
     <span class='ocr_line' id='line_1_34' title="bbox 185 1939 970 2009; baseline -0.005 -13"><span class='ocrx_word' id='word_1_239' title='bbox 185 1951 229 1997; x_wconf 93' lang='lat' dir='ltr'><strong>tur</strong></span> <span class='ocrx_word' id='word_1_240' title='bbox 247 1942 391 1997; x_wconf 78' lang='lat' dir='ltr'><strong>obnoxius.</strong></span> <span class='ocrx_word' id='word_1_241' title='bbox 410 1939 530 2009; x_wconf 78' lang='lat' dir='ltr'><strong>Cumque</strong></span> <span class='ocrx_word' id='word_1_242' title='bbox 547 1939 872 2009; x_wconf 81' lang='lat' dir='ltr'><strong>bmcAEtberioepitcopu</strong></span> <span class='ocrx_word' id='word_1_243' title='bbox 884 1939 970 1993; x_wconf 88' lang='lat' dir='ltr'><strong>delata</strong></span> 
     </span>
     <span class='ocr_line' id='line_1_35' title="bbox 183 2028 969 2101; baseline -0.005 -14"><span class='ocrx_word' id='word_1_244' title='bbox 183 2033 312 2101; x_wconf 82' lang='lat' dir='ltr'><strong>luissent,</strong></span> <span class='ocrx_word' id='word_1_245' title='bbox 324 2030 504 2087; x_wconf 78' lang='lat' dir='ltr'><strong>misericordia</strong></span> <span class='ocrx_word' id='word_1_246' title='bbox 529 2039 635 2095; x_wconf 87' lang='lat' dir='ltr'><strong>motus,</strong></span> <span class='ocrx_word' id='word_1_247' title='bbox 650 2030 719 2085; x_wconf 89' lang='lat' dir='ltr'><strong>datis</strong></span> <span class='ocrx_word' id='word_1_248' title='bbox 738 2029 830 2098; x_wconf 81' lang='lat' dir='ltr'><strong>viginti</strong></span> <span class='ocrx_word' id='word_1_249' title='bbox 844 2028 934 2083; x_wconf 78' lang='lat' dir='ltr'><strong>aureis</strong></span> <span class='ocrx_word' id='word_1_250' title='bbox 945 2028 969 2093; x_wconf 70' lang='lat' dir='ltr'><strong>l,</strong></span> 
     </span>
     <span class='ocr_line' id='line_1_36' title="bbox 183 2119 970 2199; baseline -0.004 -23"><span class='ocrx_word' id='word_1_251' title='bbox 183 2137 245 2177; x_wconf 90' lang='lat' dir='ltr'><strong>oum</strong></span> <span class='ocrx_word' id='word_1_252' title='bbox 265 2122 299 2177; x_wconf 87' lang='lat' dir='ltr'><strong>ab</strong></span> <span class='ocrx_word' id='word_1_253' title='bbox 316 2122 463 2176; x_wconf 86' lang='lat' dir='ltr'><strong>imminenti</strong></span> <span class='ocrx_word' id='word_1_254' title='bbox 477 2122 576 2176; x_wconf 79' lang='lat' dir='ltr'><strong>exemit</strong></span> <span class='ocrx_word' id='word_1_255' title='bbox 599 2122 719 2175; x_wconf 86' lang='lat' dir='ltr'><strong>intentu.</strong></span> <span class='ocrx_word' id='word_1_256' title='bbox 736 2119 817 2188; x_wconf 88' lang='lat' dir='ltr'><strong>tgitnr</strong></span> <span class='ocrx_word' id='word_1_257' title='bbox 831 2129 970 2199; x_wconf 83' lang='lat' dir='ltr'><strong>postquam</strong></span> 
     </span>
     <span class='ocr_line' id='line_1_37' title="bbox 184 2212 969 2280; baseline -0.003 -15"><span class='ocrx_word' id='word_1_258' title='bbox 184 2216 246 2268; x_wconf 77' lang='lat' dir='ltr'><strong>ritae</strong></span> <span class='ocrx_word' id='word_1_259' title='bbox 256 2213 369 2267; x_wconf 86' lang='lat' dir='ltr'><strong>donatus</strong></span> <span class='ocrx_word' id='word_1_260' title='bbox 380 2224 432 2275; x_wconf 86' lang='lat' dir='ltr'><strong>cst,</strong></span> <span class='ocrx_word' id='word_1_261' title='bbox 441 2212 541 2280; x_wconf 78' lang='lat' dir='ltr'><strong>profert</strong></span> <span class='ocrx_word' id='word_1_262' title='bbox 553 2227 583 2266; x_wconf 87' lang='lat' dir='ltr'><strong>se</strong></span> <span class='ocrx_word' id='word_1_263' title='bbox 594 2214 740 2266; x_wconf 84' lang='lat' dir='ltr'><strong>litterarum</strong></span> <span class='ocrx_word' id='word_1_264' title='bbox 751 2225 810 2265; x_wconf 86' lang='lat' dir='ltr'><strong>esse</strong></span> <span class='ocrx_word' id='word_1_265' title='bbox 821 2212 969 2274; x_wconf 88' lang='lat' dir='ltr'><strong>doctorem,</strong></span> 
     </span>
     <span class='ocr_line' id='line_1_38' title="bbox 185 2303 969 2374; baseline -0.009 -16"><span class='ocrx_word' id='word_1_266' title='bbox 185 2306 343 2372; x_wconf 82' lang='lat' dir='ltr'><strong>pronrittens</strong></span> <span class='ocrx_word' id='word_1_267' title='bbox 364 2305 508 2368; x_wconf 88' lang='lat' dir='ltr'><strong>sacerdoti,</strong></span> <span class='ocrx_word' id='word_1_268' title='bbox 522 2304 593 2371; x_wconf 93' lang='lat' dir='ltr'><strong>quod</strong></span> <span class='ocrx_word' id='word_1_269' title='bbox 616 2305 639 2356; x_wconf 89' lang='lat' dir='ltr'><strong>si</strong></span> <span class='ocrx_word' id='word_1_270' title='bbox 663 2304 688 2357; x_wconf 90' lang='lat' dir='ltr'><strong>ei</strong></span> <span class='ocrx_word' id='word_1_271' title='bbox 712 2317 809 2374; x_wconf 89' lang='lat' dir='ltr'><strong>pueros</strong></span> <span class='ocrx_word' id='word_1_272' title='bbox 824 2303 969 2372; x_wconf 75' lang='lat' dir='ltr'><strong>delegaret,</strong></span> 
     </span>
     <span class='ocr_line' id='line_1_39' title="bbox 184 2397 969 2469; baseline -0.005 -15"><span class='ocrx_word' id='word_1_273' title='bbox 184 2400 317 2469; x_wconf 82' lang='lat' dir='ltr'><strong>perlectos</strong></span> <span class='ocrx_word' id='word_1_274' title='bbox 341 2414 388 2454; x_wconf 85' lang='lat' dir='ltr'><strong>eos</strong></span> <span class='ocrx_word' id='word_1_275' title='bbox 414 2400 440 2452; x_wconf 94' lang='lat' dir='ltr'><strong>io</strong></span> <span class='ocrx_word' id='word_1_276' title='bbox 466 2399 562 2454; x_wconf 90' lang='lat' dir='ltr'><strong>litteris</strong></span> <span class='ocrx_word' id='word_1_277' title='bbox 589 2397 721 2452; x_wconf 84' lang='lat' dir='ltr'><strong>redderet.</strong></span> <span class='ocrx_word' id='word_1_278' title='bbox 751 2397 969 2453; x_wconf 86' lang='lat' dir='ltr'><strong>Gotisrrsanditu</strong></span> 
     </span>
     <span class='ocr_line' id='line_1_40' title="bbox 182 2486 969 2557; baseline -0.005 -12"><span class='ocrx_word' id='word_1_279' title='bbox 182 2489 320 2552; x_wconf 74' lang='lat' dir='ltr'><strong>sacerdos,</strong></span> <span class='ocrx_word' id='word_1_280' title='bbox 332 2504 428 2557; x_wconf 87' lang='lat' dir='ltr'><strong>pueros</strong></span> <span class='ocrx_word' id='word_1_281' title='bbox 439 2486 554 2542; x_wconf 79' lang='lat' dir='ltr'><strong>ciuitatis</strong></span> <span class='ocrx_word' id='word_1_282' title='bbox 566 2487 686 2556; x_wconf 75' lang='lat' dir='ltr'><strong>collegit,</strong></span> <span class='ocrx_word' id='word_1_283' title='bbox 702 2487 806 2555; x_wconf 88' lang='lat' dir='ltr'><strong>ipsiquo</strong></span> <span class='ocrx_word' id='word_1_284' title='bbox 817 2487 922 2555; x_wconf 79' lang='lat' dir='ltr'><strong>delegat</strong></span> <span class='ocrx_word' id='word_1_285' title='bbox 935 2488 969 2542; x_wconf 83' lang='lat' dir='ltr'><strong>ad</strong></span> 
     </span>
     <span class='ocr_line' id='line_1_41' title="bbox 183 2577 967 2647; baseline -0.008 -11"><span class='ocrx_word' id='word_1_286' title='bbox 183 2581 345 2636; x_wconf 79' lang='lat' dir='ltr'><strong>docendum.</strong></span> <span class='ocrx_word' id='word_1_287' title='bbox 363 2580 481 2647; x_wconf 87' lang='lat' dir='ltr'><strong>benique</strong></span> <span class='ocrx_word' id='word_1_288' title='bbox 493 2594 554 2634; x_wconf 92' lang='lat' dir='ltr'><strong>cum</strong></span> <span class='ocrx_word' id='word_1_289' title='bbox 568 2577 622 2646; x_wconf 80' lang='lat' dir='ltr'><strong>jam</strong></span> <span class='ocrx_word' id='word_1_290' title='bbox 636 2579 812 2632; x_wconf 85' lang='lat' dir='ltr'><strong>hottoraretur</strong></span> <span class='ocrx_word' id='word_1_291' title='bbox 825 2592 840 2629; x_wconf 92' lang='lat' dir='ltr'><strong>a</strong></span> <span class='ocrx_word' id='word_1_292' title='bbox 854 2577 967 2637; x_wconf 81' lang='lat' dir='ltr'><strong>cit-ibus,</strong></span> 
     </span>
     <span class='ocr_line' id='line_1_42' title="bbox 182 2668 970 2742; baseline -0.005 -15"><span class='ocrx_word' id='word_1_293' title='bbox 182 2679 212 2728; x_wconf 88' lang='lat' dir='ltr'><strong>ct</strong></span> <span class='ocrx_word' id='word_1_294' title='bbox 224 2670 339 2742; x_wconf 82' lang='lat' dir='ltr'><strong>pontifex</strong></span> <span class='ocrx_word' id='word_1_295' title='bbox 348 2672 371 2724; x_wconf 90' lang='lat' dir='ltr'><strong>ci</strong></span> <span class='ocrx_word' id='word_1_296' title='bbox 380 2670 477 2738; x_wconf 87' lang='lat' dir='ltr'><strong>aliquid</strong></span> <span class='ocrx_word' id='word_1_297' title='bbox 489 2679 568 2725; x_wconf 77' lang='lat' dir='ltr'><strong>torrae</strong></span> <span class='ocrx_word' id='word_1_298' title='bbox 579 2670 770 2736; x_wconf 88' lang='lat' dir='ltr'><strong>rinenrmuque</strong></span> <span class='ocrx_word' id='word_1_299' title='bbox 785 2668 893 2737; x_wconf 88' lang='lat' dir='ltr'><strong>largitus</strong></span> <span class='ocrx_word' id='word_1_300' title='bbox 904 2669 970 2723; x_wconf 85' lang='lat' dir='ltr'><strong>tuis·</strong></span> 
     </span>
     <span class='ocr_line' id='line_1_43' title="bbox 183 2758 970 2830; baseline -0.008 -12"><span class='ocrx_word' id='word_1_301' title='bbox 183 2775 276 2828; x_wconf 91' lang='lat' dir='ltr'><strong>set,ac</strong></span> <span class='ocrx_word' id='word_1_302' title='bbox 290 2777 337 2830; x_wconf 86' lang='lat' dir='ltr'><strong>per</strong></span> <span class='ocrx_word' id='word_1_303' title='bbox 346 2762 440 2816; x_wconf 87' lang='lat' dir='ltr'><strong>domos</strong></span> <span class='ocrx_word' id='word_1_304' title='bbox 448 2773 585 2830; x_wconf 87' lang='lat' dir='ltr'><strong>parentum</strong></span> <span class='ocrx_word' id='word_1_305' title='bbox 601 2760 681 2830; x_wconf 72' lang='lat'><strong>312</strong></span> <span class='ocrx_word' id='word_1_306' title='bbox 693 2758 970 2828; x_wconf 84' lang='lat' dir='ltr'><strong>eorrunqooserudio-</strong></span> 
     </span>
     <span class='ocr_line' id='line_1_44' title="bbox 183 2848 969 2917; baseline -0.006 -9"><span class='ocrx_word' id='word_1_307' title='bbox 183 2854 240 2917; x_wconf 89' lang='lat' dir='ltr'><strong>bat,</strong></span> <span class='ocrx_word' id='word_1_308' title='bbox 253 2853 421 2916; x_wconf 85' lang='lat' dir='ltr'><strong>inritaretur,</strong></span> <span class='ocrx_word' id='word_1_309' title='bbox 436 2866 561 2906; x_wconf 78' lang='lat' dir='ltr'><strong>reuersus</strong></span> <span class='ocrx_word' id='word_1_310' title='bbox 575 2849 607 2904; x_wconf 87' lang='lat' dir='ltr'><strong>ad</strong></span> <span class='ocrx_word' id='word_1_311' title='bbox 622 2852 761 2913; x_wconf 86' lang='lat' dir='ltr'><strong>rotrtitom,</strong></span> <span class='ocrx_word' id='word_1_312' title='bbox 771 2849 851 2903; x_wconf 85' lang='lat' dir='ltr'><strong>utrius</strong></span> <span class='ocrx_word' id='word_1_313' title='bbox 867 2848 969 2916; x_wconf 89' lang='lat' dir='ltr'><strong>pueruli</strong></span> 
     </span>
     <span class='ocr_line' id='line_1_45' title="bbox 182 2938 967 3008; baseline -0.005 -13"><span class='ocrx_word' id='word_1_314' title='bbox 182 2954 311 3005; x_wconf 91' lang='lat' dir='ltr'><strong>matrem,</strong></span> <span class='ocrx_word' id='word_1_315' title='bbox 328 2942 468 2996; x_wconf 89' lang='lat' dir='ltr'><strong>immemor</strong></span> <span class='ocrx_word' id='word_1_316' title='bbox 490 2938 634 2995; x_wconf 90' lang='lat' dir='ltr'><strong>anterioris</strong></span> <span class='ocrx_word' id='word_1_317' title='bbox 657 2938 777 3008; x_wconf 76' lang='lat' dir='ltr'><strong>injurio,</strong></span> <span class='ocrx_word' id='word_1_318' title='bbox 793 2939 967 3008; x_wconf 77' lang='lat' dir='ltr'><strong>concupiscit.</strong></span> 
     </span>
     <span class='ocr_line' id='line_1_46' title="bbox 183 3030 968 3104; baseline -0.005 -17"><span class='ocrx_word' id='word_1_319' title='bbox 183 3037 261 3104; x_wconf 83' lang='lat' dir='ltr'><strong>Quod</strong></span> <span class='ocrx_word' id='word_1_320' title='bbox 271 3051 332 3091; x_wconf 88' lang='lat' dir='ltr'><strong>eunt</strong></span> <span class='ocrx_word' id='word_1_321' title='bbox 347 3034 440 3103; x_wconf 82' lang='lat' dir='ltr'><strong>pudica</strong></span> <span class='ocrx_word' id='word_1_322' title='bbox 457 3035 515 3087; x_wconf 83' lang='lat' dir='ltr'><strong>tiro</strong></span> <span class='ocrx_word' id='word_1_323' title='bbox 530 3034 625 3088; x_wconf 88' lang='lat' dir='ltr'><strong>mulier</strong></span> <span class='ocrx_word' id='word_1_324' title='bbox 645 3034 819 3096; x_wconf 76' lang='lat' dir='ltr'><strong>declarasset,</strong></span> <span class='ocrx_word' id='word_1_325' title='bbox 834 3030 968 3099; x_wconf 78' lang='lat' dir='ltr'><strong>coniuncti</strong></span> 
     </span>
    </p>
   </div>
   <div class='ocr_carea' id='block_1_9' title="bbox 181 3121 1808 3290">
    <p class='ocr_par' dir='ltr' id='par_1_9' title="bbox 181 3121 1808 3290">
     <span class='ocr_line' id='line_1_47' title="bbox 181 3121 969 3196; baseline -0.01 -15"><span class='ocrx_word' id='word_1_326' title='bbox 181 3139 306 3196; x_wconf 76' lang='lat' dir='ltr'><strong>percuties</strong></span> <span class='ocrx_word' id='word_1_327' title='bbox 318 3128 375 3194; x_wconf 81' lang='lat' dir='ltr'><strong>ejus</strong></span> <span class='ocrx_word' id='word_1_328' title='bbox 384 3125 548 3195; x_wconf 82' lang='lat' dir='ltr'><strong>gratissimis</strong></span> <span class='ocrx_word' id='word_1_329' title='bbox 556 3123 682 3179; x_wconf 83' lang='lat' dir='ltr'><strong>clericum</strong></span> <span class='ocrx_word' id='word_1_330' title='bbox 699 3122 839 3180; x_wconf 88' lang='lat' dir='ltr'><strong>tormentis</strong></span> <span class='ocrx_word' id='word_1_331' title='bbox 852 3121 969 3175; x_wconf 85' lang='lat' dir='ltr'><strong>subden-</strong></span> 
     </span>
     <span class='ocr_line' id='line_1_48' title="bbox 181 3205 1808 3290; baseline -0.002 -14"><span class='ocrx_word' id='word_1_332' title='bbox 181 3205 244 3285; x_wconf 66' lang='lat' dir='ltr'><strong>dos,</strong></span> <span class='ocrx_word' id='word_1_333' title='bbox 258 3220 412 3275; x_wconf 84' lang='lat' dir='ltr'><strong>interimere</strong></span> <span class='ocrx_word' id='word_1_334' title='bbox 435 3209 585 3272; x_wconf 83' lang='lat' dir='ltr'><strong>uoluerunt.</strong></span> <span class='ocrx_word' id='word_1_335' title='bbox 611 3218 695 3281; x_wconf 73' lang='lat' dir='ltr'><strong>(luem</strong></span> <span class='ocrx_word' id='word_1_336' title='bbox 721 3216 847 3272; x_wconf 86' lang='lat' dir='ltr'><strong>sacerdos</strong></span> <span class='ocrx_word' id='word_1_337' title='bbox 871 3215 966 3289; x_wconf 81' lang='lat' dir='ltr'><strong>iterum</strong></span> <span class='ocrx_word' id='word_1_338' title='bbox 980 3210 1072 3282; x_wconf 76' lang='lat' dir='ltr'><strong>ciam</strong></span> <span class='ocrx_word' id='word_1_339' title='bbox 1086 3212 1223 3280; x_wconf 84' lang='lat' dir='ltr'><strong>conjuncti</strong></span> <span class='ocrx_word' id='word_1_340' title='bbox 1247 3215 1374 3270; x_wconf 88' lang='lat' dir='ltr'><strong>satellites</strong></span> <span class='ocrx_word' id='word_1_341' title='bbox 1395 3216 1428 3269; x_wconf 88' lang='lat' dir='ltr'><strong>ad</strong></span> <span class='ocrx_word' id='word_1_342' title='bbox 1451 3232 1540 3287; x_wconf 85' lang='lat' dir='ltr'><strong>regem</strong></span> <span class='ocrx_word' id='word_1_343' title='bbox 1553 3219 1732 3287; x_wconf 70' lang='lat' dir='ltr'><strong>chilpericum</strong></span> <span class='ocrx_word' id='word_1_344' title='bbox 1750 3239 1808 3290; x_wconf 82' lang='lat' dir='ltr'><strong>pro·</strong></span> 
     </span>
    </p>
   </div>
   <div class='ocr_carea' id='block_1_10' title="bbox 178 3303 968 4287">
    <p class='ocr_par' dir='ltr' id='par_1_10' title="bbox 178 3303 968 4287">
     <span class='ocr_line' id='line_1_49' title="bbox 181 3303 968 3373; baseline -0.015 -11"><span class='ocrx_word' id='word_1_345' title='bbox 181 3307 362 3362; x_wconf 85' lang='lat' dir='ltr'><strong>misericordia</strong></span> <span class='ocrx_word' id='word_1_346' title='bbox 384 3319 489 3361; x_wconf 86' lang='lat' dir='ltr'><strong>motus.</strong></span> <span class='ocrx_word' id='word_1_347' title='bbox 505 3306 662 3373; x_wconf 85' lang='lat' dir='ltr'><strong>castigatum</strong></span> <span class='ocrx_word' id='word_1_348' title='bbox 678 3305 768 3360; x_wconf 81' lang='lat' dir='ltr'><strong>uerbis</strong></span> <span class='ocrx_word' id='word_1_349' title='bbox 784 3303 888 3358; x_wconf 83' lang='lat' dir='ltr'><strong>lenibus</strong></span> <span class='ocrx_word' id='word_1_350' title='bbox 901 3303 968 3358; x_wconf 71' lang='lat' dir='ltr'><strong>libe·</strong></span> 
     </span>
     <span class='ocr_line' id='line_1_50' title="bbox 181 3393 967 3466; baseline -0.008 -14"><span class='ocrx_word' id='word_1_351' title='bbox 181 3395 270 3460; x_wconf 81' lang='lat' dir='ltr'><strong>ravit,</strong></span> <span class='ocrx_word' id='word_1_352' title='bbox 287 3396 434 3466; x_wconf 87' lang='lat' dir='ltr'><strong>lmoorique</strong></span> <span class='ocrx_word' id='word_1_353' title='bbox 450 3394 576 3448; x_wconf 88' lang='lat' dir='ltr'><strong>restituit.</strong></span> <span class='ocrx_word' id='word_1_354' title='bbox 591 3394 644 3450; x_wconf 90' lang='lat' dir='ltr'><strong>Sed</strong></span> <span class='ocrx_word' id='word_1_355' title='bbox 661 3410 736 3449; x_wconf 80' lang='lat' dir='ltr'><strong>ineos</strong></span> <span class='ocrx_word' id='word_1_356' title='bbox 754 3393 819 3449; x_wconf 80' lang='lat' dir='ltr'><strong>lmra</strong></span> <span class='ocrx_word' id='word_1_357' title='bbox 833 3409 967 3461; x_wconf 91' lang='lat' dir='ltr'><strong>nunquam</strong></span> 
     </span>
     <span class='ocr_line' id='line_1_51' title="bbox 182 3485 968 3554; baseline -0.005 -12"><span class='ocrx_word' id='word_1_358' title='bbox 182 3489 215 3543; x_wconf 86' lang='lat' dir='ltr'><strong>ad</strong></span> <span class='ocrx_word' id='word_1_359' title='bbox 230 3487 376 3544; x_wconf 89' lang='lat' dir='ltr'><strong>bonitatem</strong></span> <span class='ocrx_word' id='word_1_360' title='bbox 392 3485 479 3554; x_wconf 90' lang='lat' dir='ltr'><strong>potuit</strong></span> <span class='ocrx_word' id='word_1_361' title='bbox 499 3486 632 3550; x_wconf 89' lang='lat' dir='ltr'><strong>inclinari,</strong></span> <span class='ocrx_word' id='word_1_362' title='bbox 649 3487 695 3539; x_wconf 87' lang='lat' dir='ltr'><strong>scd</strong></span> <span class='ocrx_word' id='word_1_363' title='bbox 719 3487 807 3551; x_wconf 89' lang='lat' dir='ltr'><strong>potius</strong></span> <span class='ocrx_word' id='word_1_364' title='bbox 822 3485 907 3539; x_wconf 84' lang='lat' dir='ltr'><strong>lactus</strong></span> <span class='ocrx_word' id='word_1_365' title='bbox 927 3495 968 3538; x_wconf 91' lang='lat' dir='ltr'><strong>est</strong></span> 
     </span>
     <span class='ocr_line' id='line_1_52' title="bbox 181 3577 967 3647; baseline -0.006 -13"><span class='ocrx_word' id='word_1_366' title='bbox 181 3578 241 3647; x_wconf 73' lang='lat' dir='ltr'><strong>olus</strong></span> <span class='ocrx_word' id='word_1_367' title='bbox 253 3578 386 3642; x_wconf 87' lang='lat' dir='ltr'><strong>iuirnicns,</strong></span> <span class='ocrx_word' id='word_1_368' title='bbox 401 3593 416 3632; x_wconf 93' lang='lat' dir='ltr'><strong>a</strong></span> <span class='ocrx_word' id='word_1_369' title='bbox 430 3594 482 3646; x_wconf 92' lang='lat' dir='ltr'><strong>quo</strong></span> <span class='ocrx_word' id='word_1_370' title='bbox 496 3580 593 3644; x_wconf 78' lang='lat' dir='ltr'><strong>sepius</strong></span> <span class='ocrx_word' id='word_1_371' title='bbox 607 3577 693 3632; x_wconf 83' lang='lat' dir='ltr'><strong>iuerat</strong></span> <span class='ocrx_word' id='word_1_372' title='bbox 711 3577 744 3631; x_wconf 89' lang='lat' dir='ltr'><strong>de</strong></span> <span class='ocrx_word' id='word_1_373' title='bbox 764 3586 849 3630; x_wconf 90' lang='lat' dir='ltr'><strong>morte</strong></span> <span class='ocrx_word' id='word_1_374' title='bbox 862 3577 967 3632; x_wconf 89' lang='lat' dir='ltr'><strong>rodem-</strong></span> 
     </span>
     <span class='ocr_line' id='line_1_53' title="bbox 182 3665 968 3736; baseline -0.004 -15"><span class='ocrx_word' id='word_1_375' title='bbox 182 3677 254 3736; x_wconf 85' lang='lat' dir='ltr'><strong>ptus.</strong></span> <span class='ocrx_word' id='word_1_376' title='bbox 273 3665 438 3736; x_wconf 72' lang='lat' dir='ltr'><strong>Coniunctus</strong></span> <span class='ocrx_word' id='word_1_377' title='bbox 458 3677 499 3720; x_wconf 89' lang='lat' dir='ltr'><strong>est</strong></span> <span class='ocrx_word' id='word_1_378' title='bbox 513 3668 583 3720; x_wconf 92' lang='lat' dir='ltr'><strong>cuim</strong></span> <span class='ocrx_word' id='word_1_379' title='bbox 598 3665 786 3720; x_wconf 86' lang='lat' dir='ltr'><strong>arelndiaeono</strong></span> <span class='ocrx_word' id='word_1_380' title='bbox 800 3665 925 3731; x_wconf 83' lang='lat' dir='ltr'><strong>civitatis,</strong></span> <span class='ocrx_word' id='word_1_381' title='bbox 941 3675 968 3720; x_wconf 92' lang='lat' dir='ltr'><strong>et</strong></span> 
     </span>
     <span class='ocr_line' id='line_1_54' title="bbox 180 3758 968 3828; baseline -0.006 -12"><span class='ocrx_word' id='word_1_382' title='bbox 180 3773 214 3816; x_wconf 75' lang='grc' dir='ltr'><strong>ιο</strong></span> <span class='ocrx_word' id='word_1_383' title='bbox 227 3760 380 3828; x_wconf 79' lang='lat' dir='ltr'><strong>episcopatu</strong></span> <span class='ocrx_word' id='word_1_384' title='bbox 400 3759 508 3826; x_wconf 88' lang='lat' dir='ltr'><strong>dignum</strong></span> <span class='ocrx_word' id='word_1_385' title='bbox 526 3758 673 3824; x_wconf 76' lang='lat' dir='ltr'><strong>protectis,</strong></span> <span class='ocrx_word' id='word_1_386' title='bbox 691 3759 845 3827; x_wconf 83' lang='lat' dir='ltr'><strong>epi-copam</strong></span> <span class='ocrx_word' id='word_1_387' title='bbox 860 3758 968 3811; x_wconf 87' lang='lat' dir='ltr'><strong>mnbtur</strong></span> 
     </span>
     <span class='ocr_line' id='line_1_55' title="bbox 180 3847 968 3919; baseline -0.006 -12"><span class='ocrx_word' id='word_1_388' title='bbox 180 3851 314 3908; x_wconf 86' lang='lat' dir='ltr'><strong>occidere.</strong></span> <span class='ocrx_word' id='word_1_389' title='bbox 334 3851 485 3919; x_wconf 85' lang='lat' dir='ltr'><strong>Locatoqne</strong></span> <span class='ocrx_word' id='word_1_390' title='bbox 503 3849 612 3913; x_wconf 88' lang='lat' dir='ltr'><strong>elerico,</strong></span> <span class='ocrx_word' id='word_1_391' title='bbox 626 3853 673 3915; x_wconf 86' lang='lat' dir='ltr'><strong>qui</strong></span> <span class='ocrx_word' id='word_1_392' title='bbox 694 3864 755 3903; x_wconf 90' lang='lat' dir='ltr'><strong>eum</strong></span> <span class='ocrx_word' id='word_1_393' title='bbox 775 3847 890 3916; x_wconf 82' lang='lat' dir='ltr'><strong>bipenne</strong></span> <span class='ocrx_word' id='word_1_394' title='bbox 909 3864 968 3914; x_wconf 89' lang='lat' dir='ltr'><strong>per·</strong></span> 
     </span>
     <span class='ocr_line' id='line_1_56' title="bbox 180 3941 967 4013; baseline -0.004 -14"><span class='ocrx_word' id='word_1_395' title='bbox 180 3951 294 4006; x_wconf 89' lang='lat' dir='ltr'><strong>cuteret,</strong></span> <span class='ocrx_word' id='word_1_396' title='bbox 308 3943 357 4013; x_wconf 85' lang='lat' dir='ltr'><strong>ipi</strong></span> <span class='ocrx_word' id='word_1_397' title='bbox 376 3942 474 4013; x_wconf 90' lang='lat' dir='ltr'><strong>ubique</strong></span> <span class='ocrx_word' id='word_1_398' title='bbox 491 3943 655 4008; x_wconf 89' lang='lat' dir='ltr'><strong>discurrunt,</strong></span> <span class='ocrx_word' id='word_1_399' title='bbox 670 3943 821 4006; x_wconf 86' lang='lat' dir='ltr'><strong>tnttssitant,</strong></span> <span class='ocrx_word' id='word_1_400' title='bbox 837 3941 967 3996; x_wconf 84' lang='lat' dir='ltr'><strong>anticitios</strong></span> 
     </span>
     <span class='ocr_line' id='line_1_57' title="bbox 180 4032 965 4109; baseline -0.005 -19"><span class='ocrx_word' id='word_1_401' title='bbox 180 4036 249 4090; x_wconf 77' lang='lat' dir='ltr'><strong>etam</strong></span> <span class='ocrx_word' id='word_1_402' title='bbox 261 4035 370 4103; x_wconf 82' lang='lat' dir='ltr'><strong>illigant,</strong></span> <span class='ocrx_word' id='word_1_403' title='bbox 382 4035 517 4102; x_wconf 82' lang='lat' dir='ltr'><strong>proter-unt</strong></span> <span class='ocrx_word' id='word_1_404' title='bbox 530 4032 717 4109; x_wconf 84' lang='lat' dir='ltr'><strong>praetnia‚ptsi</strong></span> <span class='ocrx_word' id='word_1_405' title='bbox 729 4033 855 4087; x_wconf 86' lang='lat' dir='ltr'><strong>sacerdos</strong></span> <span class='ocrx_word' id='word_1_406' title='bbox 868 4032 965 4096; x_wconf 89' lang='lat' dir='ltr'><strong>obiret,</strong></span> 
     </span>
     <span class='ocr_line' id='line_1_58' title="bbox 181 4126 968 4197; baseline -0.003 -14"><span class='ocrx_word' id='word_1_407' title='bbox 181 4128 238 4197; x_wconf 70' lang='lat' dir='ltr'><strong>‘trec</strong></span> <span class='ocrx_word' id='word_1_408' title='bbox 250 4129 416 4184; x_wconf 83' lang='lat' dir='ltr'><strong>sttcecderet.</strong></span> <span class='ocrx_word' id='word_1_409' title='bbox 430 4127 482 4183; x_wconf 87' lang='lat' dir='ltr'><strong>Sed</strong></span> <span class='ocrx_word' id='word_1_410' title='bbox 498 4127 680 4182; x_wconf 84' lang='lat' dir='ltr'><strong>misericordia</strong></span> <span class='ocrx_word' id='word_1_411' title='bbox 697 4126 801 4181; x_wconf 83' lang='lat' dir='ltr'><strong>Domini</strong></span> <span class='ocrx_word' id='word_1_412' title='bbox 815 4127 968 4196; x_wconf 77' lang='lat' dir='ltr'><strong>antic³parit</strong></span> 
     </span>
     <span class='ocr_line' id='line_1_59' title="bbox 178 4215 966 4287; baseline -0.008 -13"><span class='ocrx_word' id='word_1_413' title='bbox 178 4233 271 4274; x_wconf 87' lang='lat' dir='ltr'><strong>oerum</strong></span> <span class='ocrx_word' id='word_1_414' title='bbox 286 4219 440 4287; x_wconf 79' lang='lat' dir='ltr'><strong>perfidiam,</strong></span> <span class='ocrx_word' id='word_1_415' title='bbox 456 4217 694 4286; x_wconf 86' lang='lat' dir='ltr'><strong>crudelitatemque</strong></span> <span class='ocrx_word' id='word_1_416' title='bbox 712 4217 863 4285; x_wconf 89' lang='lat' dir='ltr'><strong>iniquorum</strong></span> <span class='ocrx_word' id='word_1_417' title='bbox 878 4215 966 4268; x_wconf 88' lang='lat' dir='ltr'><strong>bomi-</strong></span> 
     </span>
    </p>
   </div>
   <div class='ocr_carea' id='block_1_11' title="bbox 177 4306 967 4554">
    <p class='ocr_par' dir='ltr' id='par_1_11' title="bbox 177 4306 967 4554">
     <span class='ocr_line' id='line_1_60' title="bbox 178 4306 967 4379; baseline -0.008 -13"><span class='ocrx_word' id='word_1_418' title='bbox 178 4325 242 4366; x_wconf 91' lang='lat' dir='ltr'><strong>tmm</strong></span> <span class='ocrx_word' id='word_1_419' title='bbox 256 4310 340 4368; x_wconf 80' lang='lat' dir='ltr'><strong>veloci</strong></span> <span class='ocrx_word' id='word_1_420' title='bbox 357 4310 454 4376; x_wconf 88' lang='lat' dir='ltr'><strong>pietate</strong></span> <span class='ocrx_word' id='word_1_421' title='bbox 469 4309 606 4379; x_wconf 78' lang='lat' dir='ltr'><strong>repressit.</strong></span> <span class='ocrx_word' id='word_1_422' title='bbox 630 4307 678 4370; x_wconf 83' lang='lat' dir='ltr'><strong>Dio</strong></span> <span class='ocrx_word' id='word_1_423' title='bbox 695 4322 759 4362; x_wconf 82' lang='lat' dir='ltr'><strong>vero</strong></span> <span class='ocrx_word' id='word_1_424' title='bbox 774 4323 827 4375; x_wconf 91' lang='lat' dir='ltr'><strong>quo</strong></span> <span class='ocrx_word' id='word_1_425' title='bbox 841 4306 967 4360; x_wconf 73' lang='lat' dir='ltr'><strong>sacerdos</strong></span> 
     </span>
     <span class='ocr_line' id='line_1_61' title="bbox 178 4395 966 4467; baseline -0.003 -17"><span class='ocrx_word' id='word_1_426' title='bbox 178 4401 316 4467; x_wconf 78' lang='lat' dir='ltr'><strong>operatios</strong></span> <span class='ocrx_word' id='word_1_427' title='bbox 333 4401 360 4458; x_wconf 92' lang='lat' dir='ltr'><strong>ln</strong></span> <span class='ocrx_word' id='word_1_428' title='bbox 374 4413 437 4466; x_wconf 88' lang='lat' dir='ltr'><strong>agro</strong></span> <span class='ocrx_word' id='word_1_429' title='bbox 451 4406 640 4466; x_wconf 67' lang='lat' dir='ltr'><strong>aggregaverat</strong></span> <span class='ocrx_word' id='word_1_430' title='bbox 653 4397 686 4449; x_wconf 89' lang='lat' dir='ltr'><strong>ad</strong></span> <span class='ocrx_word' id='word_1_431' title='bbox 699 4397 871 4458; x_wconf 87' lang='lat' dir='ltr'><strong>sulcandum,</strong></span> <span class='ocrx_word' id='word_1_432' title='bbox 887 4395 966 4450; x_wconf 89' lang='lat' dir='ltr'><strong>cleri·</strong></span> 
     </span>
     <span class='ocr_line' id='line_1_62' title="bbox 177 4487 965 4554; baseline 0.001 -14"><span class='ocrx_word' id='word_1_433' title='bbox 177 4502 226 4553; x_wconf 80' lang='lat' dir='ltr'><strong>cus</strong></span> <span class='ocrx_word' id='word_1_434' title='bbox 242 4487 393 4544; x_wconf 87' lang='lat' dir='ltr'><strong>antedictus</strong></span> <span class='ocrx_word' id='word_1_435' title='bbox 413 4503 475 4541; x_wconf 89' lang='lat' dir='ltr'><strong>cum</strong></span> <span class='ocrx_word' id='word_1_436' title='bbox 495 4488 581 4542; x_wconf 88' lang='lat' dir='ltr'><strong>securi</strong></span> <span class='ocrx_word' id='word_1_437' title='bbox 605 4487 773 4554; x_wconf 83' lang='lat' dir='ltr'><strong>prosequitur</strong></span> <span class='ocrx_word' id='word_1_438' title='bbox 796 4487 965 4540; x_wconf 77' lang='lat' dir='ltr'><strong>sacerdotem</strong></span> 
     </span>
    </p>
   </div>
   <div class='ocr_carea' id='block_1_12' title="bbox 1019 1940 1811 3191">
    <p class='ocr_par' dir='ltr' id='par_1_12' title="bbox 1019 1940 1811 3191">
     <span class='ocr_line' id='line_1_63' title="bbox 1021 1940 1811 2014; baseline 0.009 -21"><span class='ocrx_word' id='word_1_439' title='bbox 1021 1941 1100 2000; x_wconf 89' lang='lat' dir='ltr'><strong>sisse,</strong></span> <span class='ocrx_word' id='word_1_440' title='bbox 1114 1940 1177 1994; x_wconf 89' lang='lat' dir='ltr'><strong>dnm</strong></span> <span class='ocrx_word' id='word_1_441' title='bbox 1193 1940 1226 1994; x_wconf 87' lang='lat' dir='ltr'><strong>ad</strong></span> <span class='ocrx_word' id='word_1_442' title='bbox 1240 1942 1394 2010; x_wconf 79' lang='lat' dir='ltr'><strong>episcopum</strong></span> <span class='ocrx_word' id='word_1_443' title='bbox 1420 1943 1602 1999; x_wconf 81' lang='lat' dir='ltr'><strong>testtoassem.</strong></span> <span class='ocrx_word' id='word_1_444' title='bbox 1621 1945 1654 1999; x_wconf 86' lang='lat' dir='ltr'><strong>Et</strong></span> <span class='ocrx_word' id='word_1_445' title='bbox 1666 1961 1734 2000; x_wconf 88' lang='lat' dir='ltr'><strong>sano</strong></span> <span class='ocrx_word' id='word_1_446' title='bbox 1751 1963 1811 2014; x_wconf 90' lang='lat' dir='ltr'><strong>pars</strong></span> 
     </span>
     <span class='ocr_line' id='line_1_64' title="bbox 1022 2028 1811 2102; baseline 0.006 -18"><span class='ocrx_word' id='word_1_447' title='bbox 1022 2031 1079 2084; x_wconf 81' lang='lat' dir='ltr'><strong>ltmc</strong></span> <span class='ocrx_word' id='word_1_448' title='bbox 1094 2028 1106 2067; x_wconf 86' lang='lat'><strong>‘¹</strong></span> <span class='ocrx_word' id='word_1_449' title='bbox 1122 2042 1149 2084; x_wconf 90' lang='lat' dir='ltr'><strong>et</strong></span> <span class='ocrx_word' id='word_1_450' title='bbox 1162 2033 1302 2086; x_wconf 86' lang='lat' dir='ltr'><strong>consilium</strong></span> <span class='ocrx_word' id='word_1_451' title='bbox 1316 2033 1414 2088; x_wconf 88' lang='lat' dir='ltr'><strong>diaboli</strong></span> <span class='ocrx_word' id='word_1_452' title='bbox 1431 2035 1499 2102; x_wconf 85' lang='lat' dir='ltr'><strong>luit,</strong></span> <span class='ocrx_word' id='word_1_453' title='bbox 1514 2046 1542 2088; x_wconf 93' lang='lat' dir='ltr'><strong>ut</strong></span> <span class='ocrx_word' id='word_1_454' title='bbox 1565 2036 1591 2088; x_wconf 88' lang='lat' dir='ltr'><strong>itt</strong></span> <span class='ocrx_word' id='word_1_455' title='bbox 1607 2035 1652 2088; x_wconf 91' lang='lat' dir='ltr'><strong>tali</strong></span> <span class='ocrx_word' id='word_1_456' title='bbox 1667 2047 1747 2090; x_wconf 72' lang='lat' dir='ltr'><strong>{etate</strong></span> <span class='ocrx_word' id='word_1_457' title='bbox 1759 2040 1811 2091; x_wconf 79' lang='lat' dir='ltr'><strong>eri·</strong></span> 
     </span>
     <span class='ocr_line' id='line_1_65' title="bbox 1022 2124 1808 2198; baseline 0.013 -24"><span class='ocrx_word' id='word_1_458' title='bbox 1022 2137 1083 2175; x_wconf 91' lang='lat' dir='ltr'><strong>meo</strong></span> <span class='ocrx_word' id='word_1_459' title='bbox 1099 2124 1266 2190; x_wconf 88' lang='lat' dir='ltr'><strong>imponerent</strong></span> <span class='ocrx_word' id='word_1_460' title='bbox 1277 2125 1421 2186; x_wconf 86' lang='lat' dir='ltr'><strong>sacerdoti,</strong></span> <span class='ocrx_word' id='word_1_461' title='bbox 1433 2129 1477 2194; x_wconf 92' lang='lat' dir='ltr'><strong>qni</strong></span> <span class='ocrx_word' id='word_1_462' title='bbox 1492 2128 1627 2181; x_wconf 68' lang='lat' dir='ltr'><strong>mat-iero</strong></span> <span class='ocrx_word' id='word_1_463' title='bbox 1642 2131 1808 2198; x_wconf 87' lang='lat' dir='ltr'><strong>septuaginta</strong></span> 
     </span>
     <span class='ocr_line' id='line_1_66' title="bbox 1021 2212 1808 2283; baseline 0.014 -20"><span class='ocrx_word' id='word_1_464' title='bbox 1021 2227 1161 2265; x_wconf 89' lang='lat' dir='ltr'><strong>annorum.</strong></span> <span class='ocrx_word' id='word_1_465' title='bbox 1177 2212 1230 2266; x_wconf 86' lang='lat' dir='ltr'><strong>Nec</strong></span> <span class='ocrx_word' id='word_1_466' title='bbox 1242 2227 1336 2277; x_wconf 70' lang='lat' dir='ltr'><strong>tustra,</strong></span> <span class='ocrx_word' id='word_1_467' title='bbox 1352 2215 1496 2283; x_wconf 87' lang='lat' dir='ltr'><strong>conjuncto</strong></span> <span class='ocrx_word' id='word_1_468' title='bbox 1512 2230 1607 2278; x_wconf 79' lang='lat' dir='ltr'><strong>,secum</strong></span> <span class='ocrx_word' id='word_1_469' title='bbox 1623 2220 1719 2272; x_wconf 88' lang='lat' dir='ltr'><strong>iterum</strong></span> <span class='ocrx_word' id='word_1_470' title='bbox 1735 2228 1808 2274; x_wconf 86' lang='lat' dir='ltr'><strong>ante·</strong></span> 
     </span>
     <span class='ocr_line' id='line_1_67' title="bbox 1019 2301 1809 2380; baseline 0.013 -25"><span class='ocrx_word' id='word_1_471' title='bbox 1019 2301 1093 2355; x_wconf 83' lang='lat' dir='ltr'><strong>dcto</strong></span> <span class='ocrx_word' id='word_1_472' title='bbox 1107 2301 1215 2367; x_wconf 83' lang='lat' dir='ltr'><strong>clerico,</strong></span> <span class='ocrx_word' id='word_1_473' title='bbox 1230 2303 1353 2373; x_wconf 84' lang='lat' dir='ltr'><strong>alligatur</strong></span> <span class='ocrx_word' id='word_1_474' title='bbox 1375 2307 1502 2362; x_wconf 87' lang='lat' dir='ltr'><strong>sacerdos</strong></span> <span class='ocrx_word' id='word_1_475' title='bbox 1515 2309 1618 2364; x_wconf 87' lang='lat' dir='ltr'><strong>catenis</strong></span> <span class='ocrx_word' id='word_1_476' title='bbox 1629 2311 1664 2364; x_wconf 84' lang='lat' dir='ltr'><strong>ab</strong></span> <span class='ocrx_word' id='word_1_477' title='bbox 1677 2310 1738 2380; x_wconf 81' lang='lat' dir='ltr'><strong>ejus</strong></span> <span class='ocrx_word' id='word_1_478' title='bbox 1754 2329 1809 2365; x_wconf 90' lang='lat' dir='ltr'><strong>nra·</strong></span> 
     </span>
     <span class='ocr_line' id='line_1_68' title="bbox 1021 2392 1808 2464; baseline 0.011 -19"><span class='ocrx_word' id='word_1_479' title='bbox 1021 2392 1109 2456; x_wconf 85' lang='lat' dir='ltr'><strong>nibus,</strong></span> <span class='ocrx_word' id='word_1_480' title='bbox 1125 2393 1159 2447; x_wconf 90' lang='lat' dir='ltr'><strong>de</strong></span> <span class='ocrx_word' id='word_1_481' title='bbox 1173 2393 1248 2462; x_wconf 84' lang='lat' dir='ltr'><strong>ctrjos</strong></span> <span class='ocrx_word' id='word_1_482' title='bbox 1263 2395 1333 2448; x_wconf 88' lang='lat' dir='ltr'><strong>cotto</strong></span> <span class='ocrx_word' id='word_1_483' title='bbox 1350 2397 1448 2463; x_wconf 79' lang='lat' dir='ltr'><strong>stepitrs</strong></span> <span class='ocrx_word' id='word_1_484' title='bbox 1471 2400 1577 2452; x_wconf 83' lang='lat' dir='ltr'><strong>vincula</strong></span> <span class='ocrx_word' id='word_1_485' title='bbox 1593 2399 1766 2464; x_wconf 69' lang='lat' dir='ltr'><strong>discusserat,</strong></span> <span class='ocrx_word' id='word_1_486' title='bbox 1781 2413 1808 2455; x_wconf 90' lang='lat' dir='ltr'><strong>et</strong></span> 
     </span>
     <span class='ocr_line' id='line_1_69' title="bbox 1020 2483 1809 2558; baseline 0.009 -21"><span class='ocrx_word' id='word_1_487' title='bbox 1020 2483 1111 2539; x_wconf 77' lang='lat' dir='ltr'><strong>ardue</strong></span> <span class='ocrx_word' id='word_1_488' title='bbox 1122 2485 1252 2539; x_wconf 77' lang='lat' dir='ltr'><strong>custodie</strong></span> <span class='ocrx_word' id='word_1_489' title='bbox 1274 2486 1440 2553; x_wconf 85' lang='lat' dir='ltr'><strong>oratrcipotur</strong></span> <span class='ocrx_word' id='word_1_490' title='bbox 1452 2487 1487 2541; x_wconf 95' lang='lat' dir='ltr'><strong>ab</strong></span> <span class='ocrx_word' id='word_1_491' title='bbox 1498 2503 1541 2552; x_wconf 92' lang='lat' dir='ltr'><strong>eo,</strong></span> <span class='ocrx_word' id='word_1_492' title='bbox 1555 2504 1633 2558; x_wconf 91' lang='lat' dir='ltr'><strong>qoem</strong></span> <span class='ocrx_word' id='word_1_493' title='bbox 1647 2490 1680 2543; x_wconf 88' lang='lat' dir='ltr'><strong>de</strong></span> <span class='ocrx_word' id='word_1_494' title='bbox 1694 2492 1809 2545; x_wconf 85' lang='lat' dir='ltr'><strong>roeno-is</strong></span> 
     </span>
     <span class='ocr_line' id='line_1_70' title="bbox 1020 2575 1807 2652; baseline 0.005 -23"><span class='ocrx_word' id='word_1_495' title='bbox 1020 2575 1173 2629; x_wconf 86' lang='lat' dir='ltr'><strong>carceribus</strong></span> <span class='ocrx_word' id='word_1_496' title='bbox 1186 2577 1341 2644; x_wconf 66' lang='lat' dir='ltr'><strong>perumque</strong></span> <span class='ocrx_word' id='word_1_497' title='bbox 1355 2576 1524 2632; x_wconf 80' lang='lat' dir='ltr'><strong>liberauerat.</strong></span> <span class='ocrx_word' id='word_1_498' title='bbox 1539 2584 1573 2634; x_wconf 80' lang='lat' dir='ltr'><strong>dt</strong></span> <span class='ocrx_word' id='word_1_499' title='bbox 1586 2581 1629 2634; x_wconf 88' lang='lat' dir='ltr'><strong>ille</strong></span> <span class='ocrx_word' id='word_1_500' title='bbox 1641 2597 1807 2652; x_wconf 84' lang='lat' dir='ltr'><strong>cognosceus</strong></span> 
     </span>
     <span class='ocr_line' id='line_1_71' title="bbox 1020 2667 1807 2736; baseline 0.006 -14"><span class='ocrx_word' id='word_1_501' title='bbox 1020 2667 1143 2722; x_wconf 88' lang='lat' dir='ltr'><strong>inimicos</strong></span> <span class='ocrx_word' id='word_1_502' title='bbox 1156 2668 1206 2722; x_wconf 89' lang='lat' dir='ltr'><strong>sibi</strong></span> <span class='ocrx_word' id='word_1_503' title='bbox 1221 2669 1394 2725; x_wconf 85' lang='lat' dir='ltr'><strong>uehementer</strong></span> <span class='ocrx_word' id='word_1_504' title='bbox 1407 2670 1562 2736; x_wconf 84' lang='lat' dir='ltr'><strong>invaluisse,</strong></span> <span class='ocrx_word' id='word_1_505' title='bbox 1580 2672 1684 2726; x_wconf 84' lang='lat' dir='ltr'><strong>bomini</strong></span> <span class='ocrx_word' id='word_1_506' title='bbox 1700 2673 1807 2728; x_wconf 86' lang='lat' dir='ltr'><strong>miseri·</strong></span> 
     </span>
     <span class='ocr_line' id='line_1_72' title="bbox 1019 2759 1806 2830; baseline 0.009 -19"><span class='ocrx_word' id='word_1_507' title='bbox 1019 2759 1138 2811; x_wconf 84' lang='lat' dir='ltr'><strong>cordiam</strong></span> <span class='ocrx_word' id='word_1_508' title='bbox 1155 2770 1216 2812; x_wconf 89' lang='lat' dir='ltr'><strong>eum</strong></span> <span class='ocrx_word' id='word_1_509' title='bbox 1236 2759 1364 2830; x_wconf 85' lang='lat' dir='ltr'><strong>lacrymis</strong></span> <span class='ocrx_word' id='word_1_510' title='bbox 1377 2761 1402 2814; x_wconf 91' lang='lat' dir='ltr'><strong>in</strong></span> <span class='ocrx_word' id='word_1_511' title='bbox 1418 2760 1519 2814; x_wconf 75' lang='lat' dir='ltr'><strong>vineola</strong></span> <span class='ocrx_word' id='word_1_512' title='bbox 1534 2774 1687 2830; x_wconf 87' lang='lat' dir='ltr'><strong>compactus</strong></span> <span class='ocrx_word' id='word_1_513' title='bbox 1703 2775 1806 2819; x_wconf 82' lang='lat' dir='ltr'><strong>exorat.</strong></span> 
     </span>
     <span class='ocr_line' id='line_1_73' title="bbox 1021 2848 1808 2922; baseline 0.01 -21"><span class='ocrx_word' id='word_1_514' title='bbox 1021 2848 1080 2902; x_wconf 86' lang='lat' dir='ltr'><strong>llott</strong></span> <span class='ocrx_word' id='word_1_515' title='bbox 1095 2849 1280 2917; x_wconf 86' lang='lat' dir='ltr'><strong>opprimuntur</strong></span> <span class='ocrx_word' id='word_1_516' title='bbox 1294 2864 1390 2905; x_wconf 88' lang='lat' dir='ltr'><strong>somno</strong></span> <span class='ocrx_word' id='word_1_517' title='bbox 1404 2853 1539 2915; x_wconf 88' lang='lat' dir='ltr'><strong>custodes,</strong></span> <span class='ocrx_word' id='word_1_518' title='bbox 1554 2853 1699 2922; x_wconf 88' lang='lat' dir='ltr'><strong>solmisqtte</strong></span> <span class='ocrx_word' id='word_1_519' title='bbox 1714 2855 1808 2909; x_wconf 81' lang='lat' dir='ltr'><strong>dit-ini·</strong></span> 
     </span>
     <span class='ocr_line' id='line_1_74' title="bbox 1021 2937 1807 3009; baseline 0.009 -17"><span class='ocrx_word' id='word_1_520' title='bbox 1021 2947 1062 2992; x_wconf 72' lang='lat' dir='ltr'><strong>tus¹</strong></span> <span class='ocrx_word' id='word_1_521' title='bbox 1078 2937 1182 3001; x_wconf 71' lang='lat' dir='ltr'><strong>titteliS,</strong></span> <span class='ocrx_word' id='word_1_522' title='bbox 1197 2938 1231 2993; x_wconf 89' lang='lat' dir='ltr'><strong>de</strong></span> <span class='ocrx_word' id='word_1_523' title='bbox 1244 2939 1363 2994; x_wconf 84' lang='lat' dir='ltr'><strong>custodia</strong></span> <span class='ocrx_word' id='word_1_524' title='bbox 1380 2944 1500 3009; x_wconf 77' lang='lat' dir='ltr'><strong>procedit</strong></span> <span class='ocrx_word' id='word_1_525' title='bbox 1516 2943 1650 3007; x_wconf 79' lang='lat' dir='ltr'><strong>irrueritis,</strong></span> <span class='ocrx_word' id='word_1_526' title='bbox 1666 2946 1807 2999; x_wconf 76' lang='lat' dir='ltr'><strong>namnum</strong></span> 
     </span>
     <span class='ocr_line' id='line_1_75' title="bbox 1019 3030 1807 3111; baseline 0.009 -29"><span class='ocrx_word' id='word_1_527' title='bbox 1019 3030 1250 3099; x_wconf 75' lang='lat' dir='ltr'><strong>frequentissimus</strong></span> <span class='ocrx_word' id='word_1_528' title='bbox 1259 3031 1385 3085; x_wconf 86' lang='lat' dir='ltr'><strong>liberator</strong></span> <span class='ocrx_word' id='word_1_529' title='bbox 1395 3048 1403 3086; x_wconf 83' lang='lat' dir='ltr'><strong>t</strong></span> <span class='ocrx_word' id='word_1_530' title='bbox 1409 3032 1645 3111; x_wconf 77' lang='lat' dir='ltr'><strong>deindedilapsus,</strong></span> <span class='ocrx_word' id='word_1_531' title='bbox 1655 3037 1687 3088; x_wconf 91' lang='lat' dir='ltr'><strong>ad</strong></span> <span class='ocrx_word' id='word_1_532' title='bbox 1698 3052 1807 3103; x_wconf 81' lang='lat' dir='ltr'><strong>regnan</strong></span> 
     </span>
     <span class='ocr_line' id='line_1_76' title="bbox 1019 3120 1808 3191; baseline 0.009 -15"><span class='ocrx_word' id='word_1_533' title='bbox 1019 3120 1213 3176; x_wconf 86' lang='lat' dir='ltr'><strong>Guntcbramni</strong></span> <span class='ocrx_word' id='word_1_534' title='bbox 1228 3124 1296 3191; x_wconf 77' lang='lat' dir='ltr'><strong>regis</strong></span> <span class='ocrx_word' id='word_1_535' title='bbox 1311 3125 1425 3178; x_wconf 86' lang='lat' dir='ltr'><strong>transiit.</strong></span> <span class='ocrx_word' id='word_1_536' title='bbox 1442 3126 1500 3190; x_wconf 84' lang='lat' dir='ltr'><strong>Quo</strong></span> <span class='ocrx_word' id='word_1_537' title='bbox 1514 3127 1679 3190; x_wconf 87' lang='lat' dir='ltr'><strong>discedente,</strong></span> <span class='ocrx_word' id='word_1_538' title='bbox 1697 3129 1808 3183; x_wconf 87' lang='lat' dir='ltr'><strong>liberios</strong></span> 
     </span>
    </p>
   </div>
   <div class='ocr_carea' id='block_1_13' title="bbox 1015 3306 1808 4560">
    <p class='ocr_par' dir='ltr' id='par_1_13' title="bbox 1015 3306 1808 4560">
     <span class='ocr_line' id='line_1_77' title="bbox 1019 3306 1808 3377; baseline 0.014 -21"><span class='ocrx_word' id='word_1_539' title='bbox 1019 3314 1113 3374; x_wconf 85' lang='lat' dir='ltr'><strong>perant</strong></span> <span class='ocrx_word' id='word_1_540' title='bbox 1136 3320 1184 3372; x_wconf 93' lang='lat' dir='ltr'><strong>pro</strong></span> <span class='ocrx_word' id='word_1_541' title='bbox 1207 3306 1360 3372; x_wconf 83' lang='lat' dir='ltr'><strong>episcopatu</strong></span> <span class='ocrx_word' id='word_1_542' title='bbox 1384 3310 1519 3377; x_wconf 83' lang='lat' dir='ltr'><strong>petertdo,</strong></span> <span class='ocrx_word' id='word_1_543' title='bbox 1536 3313 1617 3364; x_wconf 89' lang='lat' dir='ltr'><strong>nnrlto</strong></span> <span class='ocrx_word' id='word_1_544' title='bbox 1642 3314 1808 3367; x_wconf 79' lang='lat' dir='ltr'><strong>criminatio</strong></span> 
     </span>
     <span class='ocr_line' id='line_1_78' title="bbox 1018 3395 1808 3466; baseline 0.016 -18"><span class='ocrx_word' id='word_1_545' title='bbox 1018 3395 1144 3463; x_wconf 87' lang='lat' dir='ltr'><strong>episcopo</strong></span> <span class='ocrx_word' id='word_1_546' title='bbox 1168 3399 1377 3466; x_wconf 85' lang='lat' dir='ltr'><strong>proloquentes,</strong></span> <span class='ocrx_word' id='word_1_547' title='bbox 1403 3401 1532 3456; x_wconf 87' lang='lat' dir='ltr'><strong>addentes</strong></span> <span class='ocrx_word' id='word_1_548' title='bbox 1554 3404 1662 3458; x_wconf 83' lang='lat' dir='ltr'><strong>istatlo</strong></span> <span class='ocrx_word' id='word_1_549' title='bbox 1687 3403 1738 3460; x_wconf 93' lang='lat' dir='ltr'><strong>boc</strong></span> <span class='ocrx_word' id='word_1_550' title='bbox 1762 3423 1808 3460; x_wconf 85' lang='lat' dir='ltr'><strong>to·</strong></span> 
     </span>
     <span class='ocr_line' id='line_1_79' title="bbox 1019 3490 1808 3565; baseline 0.009 -25"><span class='ocrx_word' id='word_1_551' title='bbox 1019 3504 1127 3558; x_wconf 87' lang='lat' dir='ltr'><strong>goosec,</strong></span> <span class='ocrx_word' id='word_1_552' title='bbox 1140 3502 1188 3545; x_wconf 78' lang='lat' dir='ltr'><strong>tea</strong></span> <span class='ocrx_word' id='word_1_553' title='bbox 1210 3490 1419 3560; x_wconf 86' lang='lat' dir='ltr'><strong>gloriosissime,</strong></span> <span class='ocrx_word' id='word_1_554' title='bbox 1434 3508 1495 3545; x_wconf 85' lang='lat' dir='ltr'><strong>vera</strong></span> <span class='ocrx_word' id='word_1_555' title='bbox 1508 3508 1567 3548; x_wconf 87' lang='lat' dir='ltr'><strong>csse</strong></span> <span class='ocrx_word' id='word_1_556' title='bbox 1583 3496 1639 3550; x_wconf 73' lang='lat' dir='ltr'><strong>brec</strong></span> <span class='ocrx_word' id='word_1_557' title='bbox 1662 3509 1724 3565; x_wconf 78' lang='lat' dir='ltr'><strong>qntc</strong></span> <span class='ocrx_word' id='word_1_558' title='bbox 1744 3499 1808 3550; x_wconf 72' lang='lat' dir='ltr'><strong>‹tit-t·</strong></span> 
     </span>
     <span class='ocr_line' id='line_1_80' title="bbox 1019 3581 1808 3648; baseline 0.011 -15"><span class='ocrx_word' id='word_1_559' title='bbox 1019 3594 1089 3644; x_wconf 83' lang='lat' dir='ltr'><strong>ortis,</strong></span> <span class='ocrx_word' id='word_1_560' title='bbox 1103 3581 1164 3648; x_wconf 87' lang='lat' dir='ltr'><strong>quia</strong></span> <span class='ocrx_word' id='word_1_561' title='bbox 1187 3591 1299 3636; x_wconf 87' lang='lat' dir='ltr'><strong>mortem</strong></span> <span class='ocrx_word' id='word_1_562' title='bbox 1324 3598 1372 3647; x_wconf 86' lang='lat' dir='ltr'><strong>pro</strong></span> <span class='ocrx_word' id='word_1_563' title='bbox 1395 3585 1541 3640; x_wconf 87' lang='lat' dir='ltr'><strong>sceleribus</strong></span> <span class='ocrx_word' id='word_1_564' title='bbox 1555 3586 1649 3642; x_wconf 81' lang='lat' dir='ltr'><strong>timens</strong></span> <span class='ocrx_word' id='word_1_565' title='bbox 1671 3589 1705 3643; x_wconf 86' lang='lat' dir='ltr'><strong>ad</strong></span> <span class='ocrx_word' id='word_1_566' title='bbox 1721 3590 1808 3642; x_wconf 79' lang='lat' dir='ltr'><strong>trum</strong></span> 
     </span>
     <span class='ocr_line' id='line_1_81' title="bbox 1020 3671 1806 3742; baseline 0.013 -19"><span class='ocrx_word' id='word_1_567' title='bbox 1020 3671 1056 3723; x_wconf 90' lang='lat' dir='ltr'><strong>tui</strong></span> <span class='ocrx_word' id='word_1_568' title='bbox 1083 3671 1187 3725; x_wconf 84' lang='lat' dir='ltr'><strong>transiit</strong></span> <span class='ocrx_word' id='word_1_569' title='bbox 1201 3686 1323 3740; x_wconf 87' lang='lat' dir='ltr'><strong>regumn.</strong></span> <span class='ocrx_word' id='word_1_570' title='bbox 1344 3673 1420 3739; x_wconf 81' lang='lat' dir='ltr'><strong>Quod</strong></span> <span class='ocrx_word' id='word_1_571' title='bbox 1441 3675 1486 3729; x_wconf 88' lang='lat' dir='ltr'><strong>ille</strong></span> <span class='ocrx_word' id='word_1_572' title='bbox 1508 3691 1559 3728; x_wconf 93' lang='lat' dir='ltr'><strong>non</strong></span> <span class='ocrx_word' id='word_1_573' title='bbox 1575 3672 1699 3742; x_wconf 75' lang='lat' dir='ltr'><strong>creticos,</strong></span> <span class='ocrx_word' id='word_1_574' title='bbox 1714 3682 1763 3734; x_wconf 88' lang='lat' dir='ltr'><strong>tros</strong></span> <span class='ocrx_word' id='word_1_575' title='bbox 1776 3682 1806 3733; x_wconf 86' lang='lat' dir='ltr'><strong>ad</strong></span> 
     </span>
     <span class='ocr_line' id='line_1_82' title="bbox 1018 3761 1807 3839; baseline 0.015 -22"><span class='ocrx_word' id='word_1_576' title='bbox 1018 3761 1152 3817; x_wconf 80' lang='lat' dir='ltr'><strong>civitatem</strong></span> <span class='ocrx_word' id='word_1_577' title='bbox 1175 3764 1262 3819; x_wconf 90' lang='lat' dir='ltr'><strong>redire</strong></span> <span class='ocrx_word' id='word_1_578' title='bbox 1274 3765 1357 3834; x_wconf 84' lang='lat' dir='ltr'><strong>jubet.</strong></span> <span class='ocrx_word' id='word_1_579' title='bbox 1385 3766 1451 3820; x_wconf 83' lang='lat' dir='ltr'><strong>llum</strong></span> <span class='ocrx_word' id='word_1_580' title='bbox 1479 3768 1535 3821; x_wconf 79' lang='lat' dir='ltr'><strong>ltaec</strong></span> <span class='ocrx_word' id='word_1_581' title='bbox 1551 3783 1706 3839; x_wconf 85' lang='lat' dir='ltr'><strong>agerentur,</strong></span> <span class='ocrx_word' id='word_1_582' title='bbox 1721 3776 1807 3828; x_wconf 80' lang='lat' dir='ltr'><strong>ortesti</strong></span> 
     </span>
     <span class='ocr_line' id='line_1_83' title="bbox 1018 3858 1807 3931; baseline 0.009 -20"><span class='ocrx_word' id='word_1_583' title='bbox 1018 3858 1091 3911; x_wconf 87' lang='lat' dir='ltr'><strong>oites</strong></span> <span class='ocrx_word' id='word_1_584' title='bbox 1104 3858 1139 3912; x_wconf 90' lang='lat' dir='ltr'><strong>de</strong></span> <span class='ocrx_word' id='word_1_585' title='bbox 1151 3858 1265 3928; x_wconf 79' lang='lat' dir='ltr'><strong>pastoris</strong></span> <span class='ocrx_word' id='word_1_586' title='bbox 1287 3860 1417 3923; x_wconf 86' lang='lat' dir='ltr'><strong>absentia,</strong></span> <span class='ocrx_word' id='word_1_587' title='bbox 1438 3871 1630 3931; x_wconf 85' lang='lat' dir='ltr'><strong>cognoscentes</strong></span> <span class='ocrx_word' id='word_1_588' title='bbox 1645 3865 1735 3917; x_wconf 76' lang='lat' dir='ltr'><strong>norma</strong></span> <span class='ocrx_word' id='word_1_589' title='bbox 1750 3881 1807 3931; x_wconf 82' lang='lat' dir='ltr'><strong>qum</strong></span> 
     </span>
     <span class='ocr_line' id='line_1_84' title="bbox 1018 3946 1807 4021; baseline 0.009 -21"><span class='ocrx_word' id='word_1_590' title='bbox 1018 3946 1051 4001; x_wconf 85' lang='lat' dir='ltr'><strong>de</strong></span> <span class='ocrx_word' id='word_1_591' title='bbox 1064 3961 1097 4001; x_wconf 88' lang='lat' dir='ltr'><strong>eo</strong></span> <span class='ocrx_word' id='word_1_592' title='bbox 1111 3959 1169 4002; x_wconf 84' lang='lat' dir='ltr'><strong>acta</strong></span> <span class='ocrx_word' id='word_1_593' title='bbox 1184 3948 1290 4004; x_wconf 82' lang='lat' dir='ltr'><strong>lucrant</strong></span> <span class='ocrx_word' id='word_1_594' title='bbox 1308 3963 1356 4018; x_wconf 86' lang='lat' dir='ltr'><strong>per</strong></span> <span class='ocrx_word' id='word_1_595' title='bbox 1375 3951 1500 4004; x_wconf 80' lang='lat' dir='ltr'><strong>insidiam</strong></span> <span class='ocrx_word' id='word_1_596' title='bbox 1514 3961 1542 4006; x_wconf 90' lang='lat' dir='ltr'><strong>et</strong></span> <span class='ocrx_word' id='word_1_597' title='bbox 1556 3953 1697 4005; x_wconf 80' lang='lat' dir='ltr'><strong>auaritiam</strong></span> <span class='ocrx_word' id='word_1_598' title='bbox 1715 3968 1807 4021; x_wconf 89' lang='lat' dir='ltr'><strong>porpe-</strong></span> 
     </span>
     <span class='ocr_line' id='line_1_85' title="bbox 1019 4031 1806 4106; baseline 0.004 -16"><span class='ocrx_word' id='word_1_599' title='bbox 1019 4046 1099 4101; x_wconf 89' lang='lat' dir='ltr'><strong>trata,</strong></span> <span class='ocrx_word' id='word_1_600' title='bbox 1114 4031 1311 4106; x_wconf 80' lang='lat' dir='ltr'><strong>apprehensum</strong></span> <span class='ocrx_word' id='word_1_601' title='bbox 1326 4055 1386 4093; x_wconf 92' lang='lat' dir='ltr'><strong>cum</strong></span> <span class='ocrx_word' id='word_1_602' title='bbox 1409 4042 1522 4095; x_wconf 83' lang='lat' dir='ltr'><strong>satellite</strong></span> <span class='ocrx_word' id='word_1_603' title='bbox 1536 4042 1754 4096; x_wconf 86' lang='lat' dir='ltr'><strong>arciridiaeonmn</strong></span> <span class='ocrx_word' id='word_1_604' title='bbox 1767 4045 1806 4098; x_wconf 90' lang='lat' dir='ltr'><strong>io·</strong></span> 
     </span>
     <span class='ocr_line' id='line_1_86' title="bbox 1015 4128 1807 4204; baseline 0.015 -27"><span class='ocrx_word' id='word_1_605' title='bbox 1015 4128 1093 4196; x_wconf 76' lang='lat' dir='ltr'><strong>jrrriat</strong></span> <span class='ocrx_word' id='word_1_606' title='bbox 1112 4129 1269 4194; x_wconf 88' lang='lat' dir='ltr'><strong>subdentes,</strong></span> <span class='ocrx_word' id='word_1_607' title='bbox 1284 4132 1319 4185; x_wconf 85' lang='lat' dir='ltr'><strong>ad</strong></span> <span class='ocrx_word' id='word_1_608' title='bbox 1336 4147 1425 4201; x_wconf 83' lang='lat' dir='ltr'><strong>regern</strong></span> <span class='ocrx_word' id='word_1_609' title='bbox 1448 4135 1593 4202; x_wconf 82' lang='lat' dir='ltr'><strong>petierunt,</strong></span> <span class='ocrx_word' id='word_1_610' title='bbox 1607 4144 1637 4188; x_wconf 94' lang='lat' dir='ltr'><strong>ut</strong></span> <span class='ocrx_word' id='word_1_611' title='bbox 1658 4137 1807 4204; x_wconf 87' lang='lat' dir='ltr'><strong>reciperent</strong></span> 
     </span>
     <span class='ocr_line' id='line_1_87' title="bbox 1017 4221 1806 4296; baseline 0.01 -23"><span class='ocrx_word' id='word_1_612' title='bbox 1017 4221 1183 4276; x_wconf 84' lang='lat' dir='ltr'><strong>sacerdotem</strong></span> <span class='ocrx_word' id='word_1_613' title='bbox 1199 4239 1288 4278; x_wconf 90' lang='lat' dir='ltr'><strong>suum.</strong></span> <span class='ocrx_word' id='word_1_614' title='bbox 1306 4227 1338 4277; x_wconf 74' lang='lat' dir='ltr'><strong>At</strong></span> <span class='ocrx_word' id='word_1_615' title='bbox 1364 4241 1410 4279; x_wconf 85' lang='lat' dir='ltr'><strong>ret</strong></span> <span class='ocrx_word' id='word_1_616' title='bbox 1428 4225 1528 4292; x_wconf 82' lang='lat' dir='ltr'><strong>legatos</strong></span> <span class='ocrx_word' id='word_1_617' title='bbox 1552 4226 1626 4279; x_wconf 82' lang='lat' dir='ltr'><strong>tratri</strong></span> <span class='ocrx_word' id='word_1_618' title='bbox 1641 4227 1693 4280; x_wconf 85' lang='lat' dir='ltr'><strong>stlo</strong></span> <span class='ocrx_word' id='word_1_619' title='bbox 1708 4227 1806 4296; x_wconf 89' lang='lat' dir='ltr'><strong>dirigit,</strong></span> 
     </span>
     <span class='ocr_line' id='line_1_88' title="bbox 1017 4314 1808 4384; baseline 0.008 -20"><span class='ocrx_word' id='word_1_620' title='bbox 1017 4327 1141 4368; x_wconf 84' lang='lat' dir='ltr'><strong>asserens</strong></span> <span class='ocrx_word' id='word_1_621' title='bbox 1155 4314 1220 4367; x_wconf 91' lang='lat' dir='ltr'><strong>nibil</strong></span> <span class='ocrx_word' id='word_1_622' title='bbox 1231 4329 1260 4366; x_wconf 89' lang='lat' dir='ltr'><strong>se</strong></span> <span class='ocrx_word' id='word_1_623' title='bbox 1270 4314 1390 4368; x_wconf 91' lang='lat' dir='ltr'><strong>criminis</strong></span> <span class='ocrx_word' id='word_1_624' title='bbox 1402 4315 1427 4368; x_wconf 93' lang='lat' dir='ltr'><strong>in</strong></span> <span class='ocrx_word' id='word_1_625' title='bbox 1440 4315 1569 4383; x_wconf 82' lang='lat' dir='ltr'><strong>episcopo</strong></span> <span class='ocrx_word' id='word_1_626' title='bbox 1580 4315 1808 4384; x_wconf 64' lang='lat' dir='ltr'><strong>repercussione</strong></span> 
     </span>
     <span class='ocr_line' id='line_1_89' title="bbox 1017 4402 1807 4476; baseline 0.006 -19"><span class='ocrx_word' id='word_1_627' title='bbox 1017 4402 1233 4457; x_wconf 84' lang='lat' dir='ltr'><strong>Gurotcbramous</strong></span> <span class='ocrx_word' id='word_1_628' title='bbox 1257 4418 1324 4471; x_wconf 80' lang='lat' dir='ltr'><strong>rer,</strong></span> <span class='ocrx_word' id='word_1_629' title='bbox 1340 4415 1368 4459; x_wconf 92' lang='lat' dir='ltr'><strong>ut</strong></span> <span class='ocrx_word' id='word_1_630' title='bbox 1380 4416 1438 4461; x_wconf 88' lang='lat' dir='ltr'><strong>crat</strong></span> <span class='ocrx_word' id='word_1_631' title='bbox 1453 4405 1583 4476; x_wconf 86' lang='lat' dir='ltr'><strong>benignus</strong></span> <span class='ocrx_word' id='word_1_632' title='bbox 1597 4416 1625 4465; x_wconf 85' lang='lat' dir='ltr'><strong>et</strong></span> <span class='ocrx_word' id='word_1_633' title='bbox 1639 4406 1760 4474; x_wconf 78' lang='lat' dir='ltr'><strong>protinus</strong></span> <span class='ocrx_word' id='word_1_634' title='bbox 1774 4409 1807 4462; x_wconf 88' lang='lat' dir='ltr'><strong>ad</strong></span> 
     </span>
     <span class='ocr_line' id='line_1_90' title="bbox 1018 4493 1808 4560; baseline 0.003 -12"><span class='ocrx_word' id='word_1_635' title='bbox 1018 4494 1135 4548; x_wconf 85' lang='lat' dir='ltr'><strong>miseran</strong></span> <span class='ocrx_word' id='word_1_636' title='bbox 1147 4500 1210 4559; x_wconf 92' lang='lat' dir='ltr'><strong>turn,</strong></span> <span class='ocrx_word' id='word_1_637' title='bbox 1223 4493 1305 4548; x_wconf 88' lang='lat' dir='ltr'><strong>multa</strong></span> <span class='ocrx_word' id='word_1_638' title='bbox 1326 4495 1351 4549; x_wconf 92' lang='lat' dir='ltr'><strong>ei</strong></span> <span class='ocrx_word' id='word_1_639' title='bbox 1366 4509 1478 4549; x_wconf 83' lang='lat' dir='ltr'><strong>munera</strong></span> <span class='ocrx_word' id='word_1_640' title='bbox 1500 4495 1624 4560; x_wconf 90' lang='lat' dir='ltr'><strong>contulit,</strong></span> <span class='ocrx_word' id='word_1_641' title='bbox 1636 4494 1706 4550; x_wconf 80' lang='lat' dir='ltr'><strong>datus</strong></span> <span class='ocrx_word' id='word_1_642' title='bbox 1726 4496 1808 4551; x_wconf 86' lang='lat' dir='ltr'><strong>etiam</strong></span> 
     </span>
    </p>
   </div>
   <div class='ocr_carea' id='block_1_14' title="bbox 177 4576 1809 4657">
    <p class='ocr_par' dir='ltr' id='par_1_14' title="bbox 177 4576 1809 4657">
     <span class='ocr_line' id='line_1_91' title="bbox 177 4576 1809 4657; baseline 0.007 -29"><span class='ocrx_word' id='word_1_643' title='bbox 177 4576 244 4641; x_wconf 70' lang='lat' dir='ltr'><strong>alluit</strong></span> <span class='ocrx_word' id='word_1_644' title='bbox 264 4577 302 4632; x_wconf 85' lang='lat' dir='ltr'><strong>de</strong></span> <span class='ocrx_word' id='word_1_645' title='bbox 325 4577 366 4631; x_wconf 86' lang='lat' dir='ltr'><strong>bis</strong></span> <span class='ocrx_word' id='word_1_646' title='bbox 379 4578 484 4642; x_wconf 77' lang='lat' dir='ltr'><strong>pertitus</strong></span> <span class='ocrx_word' id='word_1_647' title='bbox 509 4578 649 4632; x_wconf 85' lang='lat' dir='ltr'><strong>scientem.</strong></span> <span class='ocrx_word' id='word_1_648' title='bbox 672 4577 791 4632; x_wconf 79' lang='lat' dir='ltr'><strong>Tandem</strong></span> <span class='ocrx_word' id='word_1_649' title='bbox 814 4578 894 4648; x_wconf 80' lang='lat' dir='ltr'><strong>igitur</strong></span> <span class='ocrx_word' id='word_1_650' title='bbox 908 4579 965 4632; x_wconf 79' lang='lat' dir='ltr'><strong>lrrcc</strong></span> <span class='ocrx_word' id='word_1_651' title='bbox 980 4583 1005 4643; x_wconf 78' lang='grc' dir='ltr'>ὓ</span> <span class='ocrx_word' id='word_1_652' title='bbox 1018 4585 1145 4653; x_wconf 85' lang='lat' dir='ltr'><strong>epistolas</strong></span> <span class='ocrx_word' id='word_1_653' title='bbox 1166 4599 1213 4653; x_wconf 85' lang='lat' dir='ltr'><strong>per</strong></span> <span class='ocrx_word' id='word_1_654' title='bbox 1230 4599 1323 4639; x_wconf 91' lang='lat' dir='ltr'><strong>onmes</strong></span> <span class='ocrx_word' id='word_1_655' title='bbox 1336 4584 1478 4654; x_wconf 84' lang='lat' dir='ltr'><strong>episcopor</strong></span> <span class='ocrx_word' id='word_1_656' title='bbox 1493 4586 1566 4654; x_wconf 88' lang='lat' dir='ltr'><strong>regui</strong></span> <span class='ocrx_word' id='word_1_657' title='bbox 1581 4586 1634 4647; x_wconf 83' lang='lat' dir='ltr'><strong>sui,</strong></span> <span class='ocrx_word' id='word_1_658' title='bbox 1648 4596 1678 4640; x_wconf 93' lang='lat' dir='ltr'><strong>ut</strong></span> <span class='ocrx_word' id='word_1_659' title='bbox 1692 4588 1809 4657; x_wconf 86' lang='lat' dir='ltr'><strong>peregri·</strong></span> 
     </span>
    </p>
   </div>
   <div class='ocr_carea' id='block_1_15' title="bbox 173 4668 965 5293">
    <p class='ocr_par' dir='ltr' id='par_1_15' title="bbox 173 4668 965 5293">
     <span class='ocr_line' id='line_1_92' title="bbox 177 4668 965 4742; baseline -0.004 -17"><span class='ocrx_word' id='word_1_660' title='bbox 177 4669 320 4741; x_wconf 66' lang='lat' dir='ltr'><strong>aduertens,</strong></span> <span class='ocrx_word' id='word_1_661' title='bbox 333 4668 422 4736; x_wconf 82' lang='lat' dir='ltr'><strong>:Quid</strong></span> <span class='ocrx_word' id='word_1_662' title='bbox 445 4680 488 4742; x_wconf 75' lang='lat' dir='ltr'><strong>to,</strong></span> <span class='ocrx_word' id='word_1_663' title='bbox 501 4669 597 4738; x_wconf 81' lang='lat' dir='ltr'><strong>inquit,</strong></span> <span class='ocrx_word' id='word_1_664' title='bbox 622 4683 665 4722; x_wconf 88' lang='lat' dir='ltr'><strong>me</strong></span> <span class='ocrx_word' id='word_1_665' title='bbox 688 4669 817 4738; x_wconf 86' lang='lat' dir='ltr'><strong>attentius</strong></span> <span class='ocrx_word' id='word_1_666' title='bbox 831 4684 891 4723; x_wconf 90' lang='lat' dir='ltr'><strong>com</strong></span> <span class='ocrx_word' id='word_1_667' title='bbox 915 4669 965 4722; x_wconf 89' lang='lat' dir='ltr'><strong>bae</strong></span> 
     </span>
     <span class='ocr_line' id='line_1_93' title="bbox 176 4758 963 4830; baseline -0.003 -18"><span class='ocrx_word' id='word_1_668' title='bbox 176 4761 292 4830; x_wconf 79' lang='lat' dir='ltr'><strong>bipenne</strong></span> <span class='ocrx_word' id='word_1_669' title='bbox 308 4760 494 4829; x_wconf 62' lang='lat' dir='ltr'><strong>prosequeris?</strong></span> <span class='ocrx_word' id='word_1_670' title='bbox 518 4763 552 4814; x_wconf 81' lang='lat' dir='ltr'><strong>dt</strong></span> <span class='ocrx_word' id='word_1_671' title='bbox 571 4758 616 4815; x_wconf 86' lang='lat' dir='ltr'><strong>i¹le</strong></span> <span class='ocrx_word' id='word_1_672' title='bbox 638 4762 734 4814; x_wconf 91' lang='lat' dir='ltr'><strong>timore</strong></span> <span class='ocrx_word' id='word_1_673' title='bbox 749 4760 917 4827; x_wconf 86' lang='lat' dir='ltr'><strong>perterritus.</strong></span> <span class='ocrx_word' id='word_1_674' title='bbox 930 4759 963 4811; x_wconf 89' lang='lat' dir='ltr'><strong>ad</strong></span> 
     </span>
     <span class='ocr_line' id='line_1_94' title="bbox 175 4850 964 4921; baseline -0.011 -12"><span class='ocrx_word' id='word_1_675' title='bbox 175 4867 261 4921; x_wconf 78' lang='lat' dir='ltr'><strong>genua</strong></span> <span class='ocrx_word' id='word_1_676' title='bbox 274 4851 322 4907; x_wconf 74' lang='lat' dir='ltr'><strong>rbi</strong></span> <span class='ocrx_word' id='word_1_677' title='bbox 343 4851 517 4920; x_wconf 83' lang='lat' dir='ltr'><strong>promititur,</strong></span> <span class='ocrx_word' id='word_1_678' title='bbox 532 4851 625 4906; x_wconf 84' lang='lat' dir='ltr'><strong>diceas</strong></span> <span class='ocrx_word' id='word_1_679' title='bbox 638 4850 745 4906; x_wconf 79' lang='lat' dir='ltr'><strong>tl&#39;ortis</strong></span> <span class='ocrx_word' id='word_1_680' title='bbox 758 4862 828 4914; x_wconf 90' lang='lat' dir='ltr'><strong>esto,</strong></span> <span class='ocrx_word' id='word_1_681' title='bbox 839 4853 964 4909; x_wconf 78' lang='lat' dir='ltr'><strong>sacerdos</strong></span> 
     </span>
     <span class='ocr_line' id='line_1_95' title="bbox 176 4940 965 5021; baseline -0.001 -24"><span class='ocrx_word' id='word_1_682' title='bbox 176 4941 312 5021; x_wconf 64' lang='lat' dir='ltr'><strong>bobilam</strong></span> <span class='ocrx_word' id='word_1_683' title='bbox 326 4944 399 5008; x_wconf 83' lang='lat' dir='ltr'><strong>scias</strong></span> <span class='ocrx_word' id='word_1_684' title='bbox 411 4957 454 5000; x_wconf 87' lang='lat' dir='ltr'><strong>ms</strong></span> <span class='ocrx_word' id='word_1_685' title='bbox 467 4942 596 5016; x_wconf 85' lang='lat' dir='ltr'><strong>emissum</strong></span> <span class='ocrx_word' id='word_1_686' title='bbox 607 4942 640 4997; x_wconf 85' lang='lat' dir='ltr'><strong>ab</strong></span> <span class='ocrx_word' id='word_1_687' title='bbox 651 4940 839 5009; x_wconf 73' lang='lat' dir='ltr'><strong>arclridiacono</strong></span> <span class='ocrx_word' id='word_1_688' title='bbox 849 4958 881 4996; x_wconf 85' lang='lat' dir='ltr'><strong>ae</strong></span> <span class='ocrx_word' id='word_1_689' title='bbox 896 4958 965 5011; x_wconf 69' lang='lat' dir='ltr'><strong>prac-</strong></span> 
     </span>
     <span class='ocr_line' id='line_1_96' title="bbox 173 5032 963 5104; baseline 0 -16"><span class='ocrx_word' id='word_1_690' title='bbox 173 5040 295 5102; x_wconf 83' lang='lat' dir='ltr'><strong>ceptere,</strong></span> <span class='ocrx_word' id='word_1_691' title='bbox 309 5043 339 5095; x_wconf 89' lang='lat' dir='ltr'><strong>ut</strong></span> <span class='ocrx_word' id='word_1_692' title='bbox 353 5045 379 5091; x_wconf 91' lang='lat' dir='ltr'><strong>te</strong></span> <span class='ocrx_word' id='word_1_693' title='bbox 392 5034 479 5095; x_wconf 84' lang='lat' dir='ltr'><strong>securi</strong></span> <span class='ocrx_word' id='word_1_694' title='bbox 496 5042 674 5104; x_wconf 81' lang='lat' dir='ltr'><strong>percuterem.</strong></span> <span class='ocrx_word' id='word_1_695' title='bbox 699 5032 775 5100; x_wconf 86' lang='lat' dir='ltr'><strong>Quod</strong></span> <span class='ocrx_word' id='word_1_696' title='bbox 790 5049 850 5087; x_wconf 89' lang='lat' dir='ltr'><strong>eum</strong></span> <span class='ocrx_word' id='word_1_697' title='bbox 864 5035 963 5102; x_wconf 84' lang='lat' dir='ltr'><strong>saepius</strong></span> 
     </span>
     <span class='ocr_line' id='line_1_97' title="bbox 175 5123 960 5199; baseline 0.005 -23"><span class='ocrx_word' id='word_1_698' title='bbox 175 5123 269 5199; x_wconf 72' lang='lat' dir='ltr'><strong>lacere</strong></span> <span class='ocrx_word' id='word_1_699' title='bbox 280 5125 434 5191; x_wconf 79' lang='lat' dir='ltr'><strong>noluissem,</strong></span> <span class='ocrx_word' id='word_1_700' title='bbox 446 5135 474 5183; x_wconf 90' lang='lat' dir='ltr'><strong>et</strong></span> <span class='ocrx_word' id='word_1_701' title='bbox 486 5128 567 5182; x_wconf 89' lang='lat' dir='ltr'><strong>ictum</strong></span> <span class='ocrx_word' id='word_1_702' title='bbox 578 5126 674 5194; x_wconf 79' lang='lat' dir='ltr'><strong>dextra</strong></span> <span class='ocrx_word' id='word_1_703' title='bbox 685 5137 813 5194; x_wconf 88' lang='lat' dir='ltr'><strong>sttspoosa</strong></span> <span class='ocrx_word' id='word_1_704' title='bbox 825 5127 960 5192; x_wconf 89' lang='lat' dir='ltr'><strong>librarem,</strong></span> 
     </span>
     <span class='ocr_line' id='line_1_98' title="bbox 175 5211 959 5293; baseline 0.009 -27"><span class='ocrx_word' id='word_1_705' title='bbox 175 5211 333 5282; x_wconf 82' lang='lat' dir='ltr'><strong>tegebantur</strong></span> <span class='ocrx_word' id='word_1_706' title='bbox 345 5216 462 5271; x_wconf 88' lang='lat' dir='ltr'><strong>tenebris</strong></span> <span class='ocrx_word' id='word_1_707' title='bbox 471 5217 541 5287; x_wconf 89' lang='lat' dir='ltr'><strong>oculi</strong></span> <span class='ocrx_word' id='word_1_708' title='bbox 554 5217 656 5293; x_wconf 57' lang='lat' dir='ltr'><strong>metet</strong></span> <span class='ocrx_word' id='word_1_709' title='bbox 665 5231 744 5286; x_wconf 78' lang='lat' dir='ltr'><strong>aures</strong></span> <span class='ocrx_word' id='word_1_710' title='bbox 755 5217 959 5289; x_wconf 77' lang='lat' dir='ltr'><strong>olaerabantnr,</strong></span> 
     </span>
    </p>
   </div>
   <div class='ocr_carea' id='block_1_16' title="bbox 172 5385 964 5818">
    <p class='ocr_par' dir='ltr' id='par_1_16' title="bbox 172 5385 964 5673">
     <span class='ocr_line' id='line_1_99' title="bbox 173 5385 964 5455; baseline 0.005 -14"><span class='ocrx_word' id='word_1_711' title='bbox 173 5385 240 5443; x_wconf 86' lang='lat' dir='ltr'><strong>teris</strong></span> <span class='ocrx_word' id='word_1_712' title='bbox 262 5387 387 5442; x_wconf 88' lang='lat' dir='ltr'><strong>omnibns</strong></span> <span class='ocrx_word' id='word_1_713' title='bbox 414 5387 537 5451; x_wconf 89' lang='lat' dir='ltr'><strong>babetur,</strong></span> <span class='ocrx_word' id='word_1_714' title='bbox 558 5387 620 5442; x_wconf 90' lang='lat' dir='ltr'><strong>dicit</strong></span> <span class='ocrx_word' id='word_1_715' title='bbox 637 5389 734 5455; x_wconf 79' lang='lat' dir='ltr'><strong>pariter</strong></span> <span class='ocrx_word' id='word_1_716' title='bbox 754 5389 788 5442; x_wconf 90' lang='lat' dir='ltr'><strong>dc</strong></span> <span class='ocrx_word' id='word_1_717' title='bbox 812 5388 839 5443; x_wconf 89' lang='lat' dir='ltr'><strong>S.</strong></span> <span class='ocrx_word' id='word_1_718' title='bbox 854 5389 964 5446; x_wconf 75' lang='lat' dir='ltr'><strong>tetrico</strong></span> 
     </span>
     <span class='ocr_line' id='line_1_100' title="bbox 172 5457 960 5529; baseline 0.001 -16"><span class='ocrx_word' id='word_1_719' title='bbox 172 5457 257 5524; x_wconf 78' lang='lat' dir='ltr'><strong>episc.</strong></span> <span class='ocrx_word' id='word_1_720' title='bbox 284 5458 459 5527; x_wconf 82' lang='lat' dir='ltr'><strong>biogoneosi,</strong></span> <span class='ocrx_word' id='word_1_721' title='bbox 474 5461 547 5529; x_wconf 80' lang='lat' dir='ltr'><strong>cajus</strong></span> <span class='ocrx_word' id='word_1_722' title='bbox 552 5494 607 5514; x_wconf 92' lang='lat'><strong>.....</strong></span> <span class='ocrx_word' id='word_1_723' title='bbox 624 5459 771 5511; x_wconf 76' lang='lat' dir='ltr'><strong>mensorium</strong></span> <span class='ocrx_word' id='word_1_724' title='bbox 793 5458 913 5525; x_wconf 55' lang='lat' dir='ltr'><strong>seriorum·</strong></span> <span class='ocrx_word' id='word_1_725' title='bbox 927 5460 960 5514; x_wconf 91' lang='lat' dir='ltr'><strong>de</strong></span> 
     </span>
     <span class='ocr_line' id='line_1_101' title="bbox 172 5528 730 5601; baseline 0.002 -21"><span class='ocrx_word' id='word_1_726' title='bbox 172 5541 227 5601; x_wconf 72' lang='lat' dir='ltr'><strong>tgtto</strong></span> <span class='ocrx_word' id='word_1_727' title='bbox 242 5540 329 5583; x_wconf 90' lang='lat' dir='ltr'><strong>tamen</strong></span> <span class='ocrx_word' id='word_1_728' title='bbox 343 5531 411 5596; x_wconf 84' lang='lat' dir='ltr'><strong>apud</strong></span> <span class='ocrx_word' id='word_1_729' title='bbox 423 5546 483 5580; x_wconf 88' lang='lat' dir='ltr'><strong>eum</strong></span> <span class='ocrx_word' id='word_1_730' title='bbox 505 5528 568 5580; x_wconf 83' lang='lat' dir='ltr'><strong>nibil</strong></span> <span class='ocrx_word' id='word_1_731' title='bbox 586 5528 730 5581; x_wconf 86' lang='lat' dir='ltr'><strong>itttteoitor.</strong></span> 
     </span>
     <span class='ocr_line' id='line_1_102' title="bbox 181 5597 894 5673; baseline 0 -21"><span class='ocrx_word' id='word_1_732' title='bbox 181 5659 190 5673; x_wconf 32' lang='grc' dir='ltr'>ν</span> <span class='ocrx_word' id='word_1_733' title='bbox 209 5604 222 5633; x_wconf 81' lang='lat'><strong>¹</strong></span> <span class='ocrx_word' id='word_1_734' title='bbox 243 5598 347 5666; x_wconf 66' lang='lat' dir='ltr'><strong>Regm„</strong></span> <span class='ocrx_word' id='word_1_735' title='bbox 363 5610 508 5666; x_wconf 78' lang='lat' dir='ltr'><strong>diutuleque</strong></span> <span class='ocrx_word' id='word_1_736' title='bbox 522 5597 629 5666; x_wconf 73' lang='lat' dir='ltr'><strong>[eotittro</strong></span> <span class='ocrx_word' id='word_1_737' title='bbox 643 5597 731 5650; x_wconf 79' lang='lat' dir='ltr'><strong>ltubittt</strong></span> <span class='ocrx_word' id='word_1_738' title='bbox 745 5597 770 5649; x_wconf 81' lang='lat' dir='ltr'><strong>t‘tt</strong></span> <span class='ocrx_word' id='word_1_739' title='bbox 785 5597 894 5652; x_wconf 81' lang='lat' dir='ltr'><strong>ut&#39;rt&#39;leut.</strong></span> 
     </span>
    </p>

    <p class='ocr_par' dir='ltr' id='par_1_17' title="bbox 209 5660 571 5734">
     <span class='ocr_line' id='line_1_103' title="bbox 209 5660 571 5734; baseline 0 -14"><span class='ocrx_word' id='word_1_740' title='bbox 209 5660 224 5707; x_wconf 73' lang='lat' dir='ltr'><strong>&#39;l</strong></span> <span class='ocrx_word' id='word_1_741' title='bbox 239 5668 309 5721; x_wconf 83' lang='lat' dir='ltr'><strong>idem</strong></span> <span class='ocrx_word' id='word_1_742' title='bbox 324 5674 419 5733; x_wconf 79' lang='lat' dir='ltr'><strong>codex,</strong></span> <span class='ocrx_word' id='word_1_743' title='bbox 435 5669 571 5734; x_wconf 84' lang='lat' dir='ltr'><strong>arqenter&#39;t.</strong></span> 
     </span>
    </p>

    <p class='ocr_par' dir='ltr' id='par_1_18' title="bbox 211 5735 958 5818">
     <span class='ocr_line' id='line_1_104' title="bbox 211 5735 958 5818; baseline 0.004 -27"><span class='ocrx_word' id='word_1_744' title='bbox 211 5736 313 5806; x_wconf 70' lang='lat' dir='ltr'><strong>thttu</strong></span> <span class='ocrx_word' id='word_1_745' title='bbox 327 5756 457 5807; x_wconf 76' lang='lat' dir='ltr'><strong>putrouutu</strong></span> <span class='ocrx_word' id='word_1_746' title='bbox 480 5737 676 5815; x_wconf 69' lang='lat' dir='ltr'><strong>praescriptum,</strong></span> <span class='ocrx_word' id='word_1_747' title='bbox 690 5735 737 5818; x_wconf 21' lang='lat' dir='ltr'><strong>qui,</strong></span> <span class='ocrx_word' id='word_1_748' title='bbox 750 5736 841 5799; x_wconf 85' lang='lat' dir='ltr'><strong>tolnqt</strong></span> <span class='ocrx_word' id='word_1_749' title='bbox 856 5738 958 5810; x_wconf 64' lang='lat' dir='ltr'><strong>cpisco-</strong></span> 
     </span>
    </p>
   </div>
   <div class='ocr_carea' id='block_1_17' title="bbox 1013 4677 1810 5301">
    <p class='ocr_par' dir='ltr' id='par_1_19' title="bbox 1013 4677 1810 5301">
     <span class='ocr_line' id='line_1_105' title="bbox 1017 4677 1809 4751; baseline 0 -18"><span class='ocrx_word' id='word_1_750' title='bbox 1017 4695 1078 4733; x_wconf 92' lang='lat' dir='ltr'><strong>nom</strong></span> <span class='ocrx_word' id='word_1_751' title='bbox 1101 4680 1190 4749; x_wconf 82' lang='lat' dir='ltr'><strong>aliquo</strong></span> <span class='ocrx_word' id='word_1_752' title='bbox 1206 4689 1279 4749; x_wconf 75' lang='lat' dir='ltr'><strong>‘pro</strong></span> <span class='ocrx_word' id='word_1_753' title='bbox 1303 4678 1350 4733; x_wconf 87' lang='lat' dir='ltr'><strong>Dei</strong></span> <span class='ocrx_word' id='word_1_754' title='bbox 1373 4679 1467 4734; x_wconf 91' lang='lat' dir='ltr'><strong>intuitu</strong></span> <span class='ocrx_word' id='word_1_755' title='bbox 1491 4678 1705 4733; x_wconf 87' lang='lat' dir='ltr'><strong>consolarentur.</strong></span> <span class='ocrx_word' id='word_1_756' title='bbox 1727 4677 1809 4751; x_wconf 71' lang='grc' dir='ltr'><strong>3Ῑή</strong></span> 
     </span>
     <span class='ocr_line' id='line_1_106' title="bbox 1016 4768 1809 4831; baseline -0.001 -7"><span class='ocrx_word' id='word_1_757' title='bbox 1016 4771 1091 4824; x_wconf 84' lang='lat' dir='ltr'><strong>&#39;irinc</strong></span> <span class='ocrx_word' id='word_1_758' title='bbox 1116 4769 1274 4825; x_wconf 88' lang='lat' dir='ltr'><strong>circumiens</strong></span> <span class='ocrx_word' id='word_1_759' title='bbox 1297 4768 1438 4831; x_wconf 81' lang='lat' dir='ltr'><strong>ciuitates,</strong></span> <span class='ocrx_word' id='word_1_760' title='bbox 1461 4777 1532 4824; x_wconf 78' lang='lat' dir='ltr'><strong>tanta</strong></span> <span class='ocrx_word' id='word_1_761' title='bbox 1555 4769 1578 4824; x_wconf 90' lang='lat' dir='ltr'><strong>ei</strong></span> <span class='ocrx_word' id='word_1_762' title='bbox 1594 4783 1609 4821; x_wconf 92' lang='lat' dir='ltr'><strong>a</strong></span> <span class='ocrx_word' id='word_1_763' title='bbox 1624 4768 1809 4824; x_wconf 85' lang='lat' dir='ltr'><strong>sacerdotibus</strong></span> 
     </span>
     <span class='ocr_line' id='line_1_107' title="bbox 1017 4858 1809 4932; baseline 0 -18"><span class='ocrx_word' id='word_1_764' title='bbox 1017 4861 1063 4914; x_wconf 81' lang='lat' dir='ltr'><strong>bei</strong></span> <span class='ocrx_word' id='word_1_765' title='bbox 1077 4860 1172 4914; x_wconf 84' lang='lat' dir='ltr'><strong>collata</strong></span> <span class='ocrx_word' id='word_1_766' title='bbox 1189 4869 1260 4924; x_wconf 89' lang='lat' dir='ltr'><strong>suot,</strong></span> <span class='ocrx_word' id='word_1_767' title='bbox 1276 4869 1330 4912; x_wconf 91' lang='lat' dir='ltr'><strong>tam</strong></span> <span class='ocrx_word' id='word_1_768' title='bbox 1351 4860 1376 4911; x_wconf 90' lang='lat' dir='ltr'><strong>iu</strong></span> <span class='ocrx_word' id='word_1_769' title='bbox 1400 4860 1519 4913; x_wconf 86' lang='lat' dir='ltr'><strong>restibus</strong></span> <span class='ocrx_word' id='word_1_770' title='bbox 1531 4873 1610 4925; x_wconf 91' lang='lat' dir='ltr'><strong>quatu</strong></span> <span class='ocrx_word' id='word_1_771' title='bbox 1635 4858 1662 4912; x_wconf 86' lang='lat' dir='ltr'><strong>lu</strong></span> <span class='ocrx_word' id='word_1_772' title='bbox 1687 4871 1809 4932; x_wconf 75' lang='lat' dir='ltr'><strong>suro,ut</strong></span> 
     </span>
     <span class='ocr_line' id='line_1_108' title="bbox 1015 4949 1808 5021; baseline -0.001 -14"><span class='ocrx_word' id='word_1_773' title='bbox 1015 4954 1057 5007; x_wconf 84' lang='lat' dir='ltr'><strong>titt</strong></span> <span class='ocrx_word' id='word_1_774' title='bbox 1072 4952 1172 5006; x_wconf 83' lang='lat' dir='ltr'><strong>ciuitati</strong></span> <span class='ocrx_word' id='word_1_775' title='bbox 1194 4967 1254 5021; x_wconf 82' lang='lat' dir='ltr'><strong>qum</strong></span> <span class='ocrx_word' id='word_1_776' title='bbox 1268 4959 1404 5005; x_wconf 88' lang='lat' dir='ltr'><strong>meruerat</strong></span> <span class='ocrx_word' id='word_1_777' title='bbox 1419 4958 1509 5020; x_wconf 85' lang='lat' dir='ltr'><strong>posset</strong></span> <span class='ocrx_word' id='word_1_778' title='bbox 1528 4949 1635 5018; x_wconf 84' lang='lat' dir='ltr'><strong>iolcrri;</strong></span> <span class='ocrx_word' id='word_1_779' title='bbox 1652 4951 1808 5020; x_wconf 86' lang='lat' dir='ltr'><strong>impletum·</strong></span> 
     </span>
     <span class='ocr_line' id='line_1_109' title="bbox 1014 5042 1810 5117; baseline -0.004 -17"><span class='ocrx_word' id='word_1_780' title='bbox 1014 5063 1067 5117; x_wconf 91' lang='lat' dir='ltr'><strong>que</strong></span> <span class='ocrx_word' id='word_1_781' title='bbox 1079 5055 1121 5100; x_wconf 89' lang='lat' dir='ltr'><strong>cst</strong></span> <span class='ocrx_word' id='word_1_782' title='bbox 1139 5045 1204 5100; x_wconf 89' lang='lat' dir='ltr'><strong>iilud</strong></span> <span class='ocrx_word' id='word_1_783' title='bbox 1219 5044 1289 5115; x_wconf 90' lang='lat' dir='ltr'><strong>quod</strong></span> <span class='ocrx_word' id='word_1_784' title='bbox 1312 5044 1350 5098; x_wconf 85' lang='lat' dir='ltr'><strong>ait</strong></span> <span class='ocrx_word' id='word_1_785' title='bbox 1374 5044 1517 5112; x_wconf 76' lang='lat' dir='ltr'><strong>Apostolus</strong></span> <span class='ocrx_word' id='word_1_786' title='bbox 1529 5061 1536 5097; x_wconf 87' lang='lat'>:</span> <span class='ocrx_word' id='word_1_787' title='bbox 1549 5043 1617 5109; x_wconf 84' lang='lat' dir='ltr'><strong>Quia</strong></span> <span class='ocrx_word' id='word_1_788' title='bbox 1641 5042 1810 5114; x_wconf 69' lang='lat' dir='ltr'><strong>diligentilu</strong></span> 
     </span>
     <span class='ocr_line' id='line_1_110' title="bbox 1013 5134 1810 5206; baseline 0 -13"><span class='ocrx_word' id='word_1_789' title='bbox 1013 5139 1096 5193; x_wconf 81' lang='lat' dir='ltr'><strong>ileum</strong></span> <span class='ocrx_word' id='word_1_790' title='bbox 1120 5138 1207 5192; x_wconf 87' lang='lat' dir='ltr'><strong>omnio</strong></span> <span class='ocrx_word' id='word_1_791' title='bbox 1227 5145 1382 5191; x_wconf 78' lang='lat' dir='ltr'><strong>concurrent</strong></span> <span class='ocrx_word' id='word_1_792' title='bbox 1405 5137 1432 5189; x_wconf 88' lang='lat' dir='ltr'><strong>ia</strong></span> <span class='ocrx_word' id='word_1_793' title='bbox 1453 5135 1545 5190; x_wconf 76' lang='lat' dir='ltr'><strong>bonurn</strong></span> <span class='ocrx_word' id='word_1_794' title='bbox 1567 5134 1656 5206; x_wconf 80' lang='lat' dir='ltr'><strong>(Rom.</strong></span> <span class='ocrx_word' id='word_1_795' title='bbox 1671 5148 1732 5202; x_wconf 88' lang='lat' dir='ltr'><strong>rttt,</strong></span> <span class='ocrx_word' id='word_1_796' title='bbox 1748 5135 1810 5206; x_wconf 71' lang='lat'><strong>28).</strong></span> 
     </span>
     <span class='ocr_line' id='line_1_111' title="bbox 1013 5227 1809 5301; baseline -0.003 -13"><span class='ocrx_word' id='word_1_797' title='bbox 1013 5232 1078 5288; x_wconf 85' lang='lat' dir='ltr'><strong>Nutu</strong></span> <span class='ocrx_word' id='word_1_798' title='bbox 1105 5232 1166 5286; x_wconf 84' lang='lat' dir='ltr'><strong>luic</strong></span> <span class='ocrx_word' id='word_1_799' title='bbox 1188 5229 1369 5301; x_wconf 70' lang='lat' dir='ltr'><strong>peregrinatio</strong></span> <span class='ocrx_word' id='word_1_800' title='bbox 1389 5227 1495 5282; x_wconf 84' lang='lat' dir='ltr'><strong>divitias</strong></span> <span class='ocrx_word' id='word_1_801' title='bbox 1518 5227 1616 5294; x_wconf 77' lang='lat' dir='ltr'><strong>attulit,</strong></span> <span class='ocrx_word' id='word_1_802' title='bbox 1630 5235 1659 5282; x_wconf 88' lang='lat' dir='ltr'><strong>ot</strong></span> <span class='ocrx_word' id='word_1_803' title='bbox 1680 5231 1809 5286; x_wconf 81' lang='lat' dir='ltr'><strong>exsilium</strong></span> 
     </span>
    </p>
   </div>
   <div class='ocr_carea' id='block_1_18' title="bbox 1012 5379 1811 5805">
    <p class='ocr_par' dir='ltr' id='par_1_20' title="bbox 1012 5379 1811 5659">
     <span class='ocr_line' id='line_1_112' title="bbox 1013 5379 1801 5452; baseline -0.005 -16"><span class='ocrx_word' id='word_1_804' title='bbox 1013 5400 1062 5452; x_wconf 89' lang='lat' dir='ltr'><strong>pos</strong></span> <span class='ocrx_word' id='word_1_805' title='bbox 1084 5398 1190 5449; x_wconf 84' lang='lat' dir='ltr'><strong>scrrupcr</strong></span> <span class='ocrx_word' id='word_1_806' title='bbox 1204 5382 1303 5435; x_wconf 91' lang='lat' dir='ltr'><strong>babere</strong></span> <span class='ocrx_word' id='word_1_807' title='bbox 1324 5395 1414 5434; x_wconf 91' lang='lat' dir='ltr'><strong>secum</strong></span> <span class='ocrx_word' id='word_1_808' title='bbox 1443 5388 1523 5433; x_wconf 75' lang='lat' dir='ltr'><strong>testes</strong></span> <span class='ocrx_word' id='word_1_809' title='bbox 1539 5379 1649 5448; x_wconf 78' lang='lat' dir='ltr'><strong>priuato</strong></span> <span class='ocrx_word' id='word_1_810' title='bbox 1664 5392 1720 5430; x_wconf 83' lang='lat' dir='ltr'><strong>stt-e</strong></span> <span class='ocrx_word' id='word_1_811' title='bbox 1736 5394 1801 5432; x_wconf 89' lang='lat' dir='ltr'><strong>con·</strong></span> 
     </span>
     <span class='ocr_line' id='line_1_113' title="bbox 1012 5447 1805 5518; baseline -0.005 -14"><span class='ocrx_word' id='word_1_812' title='bbox 1012 5455 1186 5516; x_wconf 82' lang='lat' dir='ltr'><strong>verstrtiottis,</strong></span> <span class='ocrx_word' id='word_1_813' title='bbox 1202 5469 1263 5506; x_wconf 86' lang='lat' dir='ltr'><strong>carr.</strong></span> <span class='ocrx_word' id='word_1_814' title='bbox 1288 5451 1352 5503; x_wconf 80' lang='lat' dir='ltr'><strong>Cum</strong></span> <span class='ocrx_word' id='word_1_815' title='bbox 1372 5461 1491 5518; x_wconf 81' lang='lat' dir='ltr'><strong>portora,</strong></span> <span class='ocrx_word' id='word_1_816' title='bbox 1506 5450 1534 5512; x_wconf 67' lang='lat' dir='ltr'><strong>d,</strong></span> <span class='ocrx_word' id='word_1_817' title='bbox 1547 5465 1592 5516; x_wconf 88' lang='lat' dir='ltr'><strong>qu.</strong></span> <span class='ocrx_word' id='word_1_818' title='bbox 1608 5449 1634 5500; x_wconf 84' lang='lat'><strong>7.</strong></span> <span class='ocrx_word' id='word_1_819' title='bbox 1651 5447 1701 5501; x_wconf 52' lang='lat' dir='ltr'><strong>dati</strong></span> <span class='ocrx_word' id='word_1_820' title='bbox 1721 5447 1805 5518; x_wconf 86' lang='lat' dir='ltr'><strong>Greg.</strong></span> 
     </span>
     <span class='ocr_line' id='line_1_114' title="bbox 1013 5518 1811 5590; baseline -0.008 -12"><span class='ocrx_word' id='word_1_821' title='bbox 1013 5525 1045 5579; x_wconf 85' lang='lat' dir='ltr'><strong>ll.</strong></span> <span class='ocrx_word' id='word_1_822' title='bbox 1064 5524 1111 5578; x_wconf 85' lang='lat' dir='ltr'><strong>tin.</strong></span> <span class='ocrx_word' id='word_1_823' title='bbox 1138 5538 1173 5586; x_wconf 89' lang='lat' dir='ltr'><strong>tr,</strong></span> <span class='ocrx_word' id='word_1_824' title='bbox 1188 5525 1267 5589; x_wconf 89' lang='lat' dir='ltr'><strong>epist.</strong></span> <span class='ocrx_word' id='word_1_825' title='bbox 1284 5519 1329 5574; x_wconf 81' lang='lat' dir='ltr'><strong>tt.</strong></span> <span class='ocrx_word' id='word_1_826' title='bbox 1350 5520 1541 5574; x_wconf 75' lang='lat' dir='ltr'><strong>Ctrrtcelloneas</strong></span> <span class='ocrx_word' id='word_1_827' title='bbox 1565 5518 1683 5586; x_wconf 75' lang='lat' dir='ltr'><strong>appellat</strong></span> <span class='ocrx_word' id='word_1_828' title='bbox 1704 5521 1811 5590; x_wconf 52' lang='lat' dir='ltr'><strong>synod,</strong></span> 
     </span>
     <span class='ocr_line' id='line_1_115' title="bbox 1012 5587 1659 5659; baseline -0.005 -14"><span class='ocrx_word' id='word_1_829' title='bbox 1012 5597 1088 5647; x_wconf 72' lang='lat' dir='ltr'><strong>lioru.</strong></span> <span class='ocrx_word' id='word_1_830' title='bbox 1104 5595 1129 5646; x_wconf 91' lang='lat' dir='ltr'><strong>io</strong></span> <span class='ocrx_word' id='word_1_831' title='bbox 1145 5606 1222 5646; x_wconf 87' lang='lat' dir='ltr'><strong>eausa</strong></span> <span class='ocrx_word' id='word_1_832' title='bbox 1237 5589 1403 5659; x_wconf 87' lang='lat' dir='ltr'><strong>Symmacbi,</strong></span> <span class='ocrx_word' id='word_1_833' title='bbox 1417 5587 1502 5641; x_wconf 66' lang='lat' dir='ltr'><strong>Graeci</strong></span> <span class='ocrx_word' id='word_1_834' title='bbox 1516 5606 1571 5659; x_wconf 41' lang='lat' dir='ltr'><strong>syn&gt;</strong></span> <span class='ocrx_word' id='word_1_835' title='bbox 1582 5591 1659 5644; x_wconf 79' lang='lat' dir='ltr'><strong>citos</strong></span> 
     </span>
    </p>

    <p class='ocr_par' dir='ltr' id='par_1_21' title="bbox 1048 5659 1496 5731">
     <span class='ocr_line' id='line_1_116' title="bbox 1048 5659 1496 5731; baseline 0.002 -22"><span class='ocrx_word' id='word_1_836' title='bbox 1048 5664 1059 5700; x_wconf 74' lang='grc' dir='ltr'><strong>ι]</strong></span> <span class='ocrx_word' id='word_1_837' title='bbox 1080 5678 1084 5709; x_wconf 90' lang='lat' dir='ltr'><strong>t</strong></span> <span class='ocrx_word' id='word_1_838' title='bbox 1099 5663 1177 5725; x_wconf 46' lang='lat' dir='ltr'><strong>asin..</strong></span> <span class='ocrx_word' id='word_1_839' title='bbox 1193 5660 1225 5713; x_wconf 81' lang='lat' dir='ltr'><strong>Et</strong></span> <span class='ocrx_word' id='word_1_840' title='bbox 1241 5662 1346 5715; x_wconf 76' lang='lat' dir='ltr'><strong>irttnnttc</strong></span> <span class='ocrx_word' id='word_1_841' title='bbox 1359 5677 1418 5731; x_wconf 85' lang='lat' dir='ltr'><strong>pots</strong></span> <span class='ocrx_word' id='word_1_842' title='bbox 1431 5659 1496 5712; x_wconf 83' lang='lat' dir='ltr'><strong>ltoec.</strong></span> 
     </span>
    </p>

    <p class='ocr_par' dir='ltr' id='par_1_22' title="bbox 1048 5731 1271 5805">
     <span class='ocr_line' id='line_1_117' title="bbox 1048 5731 1271 5805; baseline 0.009 -22"><span class='ocrx_word' id='word_1_843' title='bbox 1048 5744 1058 5771; x_wconf 75' lang='lat' dir='ltr'><strong>e</strong></span> <span class='ocrx_word' id='word_1_844' title='bbox 1077 5736 1149 5801; x_wconf 81' lang='lat' dir='ltr'><strong>lice„</strong></span> <span class='ocrx_word' id='word_1_845' title='bbox 1163 5731 1271 5805; x_wconf 79' lang='lat' dir='ltr'><strong>aliquid.</strong></span> 
     </span>
    </p>
   </div>
   <div class='ocr_carea' id='block_1_19' title="bbox 0 0 1872 6248">
    <p class='ocr_par' dir='ltr' id='par_1_23' title="bbox 0 0 1872 6248">
     <span class='ocr_line' id='line_1_118' title="bbox 0 0 1872 6248; baseline 0 0"><span class='ocrx_word' id='word_1_846' title='bbox 0 0 1872 6248; x_wconf 95' lang='lat' dir='ltr'><strong> </strong></span> 
     </span>
    </p>
   </div>
  </div>
 </body>
</html>
