3736 6248
105 363 159 424 m
569 357 727 417 lttstottts
749 357 973 416 induitintuit.
993 358 1096 416 trech
1115 357 1276 419 DBGUUS.
1598 374 1605 384 “
1689 357 1743 416 iifl

104 495 170 537 nem
181 477 338 549 episcopum
353 474 563 532 ordinaverunt:
580 475 698 531 briccius
712 489 778 530 uero
792 475 894 544 cpisco·
913 474 1091 543 aepiscopus
1103 474 1280 530 adillearerat
1291 487 1372 544 super
1382 482 1503 530 tanetum
1515 473 1666 543 liartlnum,
1676 475 1744 534 adi·

105 586 157 642 pus
167 579 182 608 ⁸
193 571 226 623 ad
241 583 335 640 papam
345 567 425 624 Urbis
437 566 538 637 dirigit.
552 565 719 622 iustinianus
734 576 824 622 autem
839 576 898 635 pust
952 565 1039 621 licarit
1053 567 1133 621 aliam
1147 566 1304 636 ampliorem
1319 569 1387 621 miro
1399 580 1481 634 opere
1492 562 1513 621 ¹.
1526 565 1554 621 Ιιι
1566 564 1642 636 cultis
1652 567 1744 622 absida

105 678 167 720 eun
182 660 287 726 abiens,
302 658 371 728 apud
392 661 485 713 urbem
503 657 699 712 Vercellcnsenr
718 655 794 712 obiit.
812 656 898 711 Toro-
950 657 1058 713 beatum
1077 672 1175 728 eorpus
1197 659 1281 729 ipsios
1302 657 1463 714 uenerabilis
1486 659 1571 715 sancti
1596 659 1743 718 transtullt.

106 753 160 810 niei
174 767 268 808 rerunt
284 753 379 807 iteruin
403 750 595 818 malignantes,
617 747 783 803 hrmentium
799 755 901 803 statne-
952 746 1000 803 liic
1013 748 1126 804 instituit
1136 747 1255 819 jejunia,
1271 748 1444 819 uigiliasque,
1459 748 1575 817 qualiter
1592 763 1641 817 per
1659 751 1747 807 cirea·

108 853 180 898 runt.
198 842 318 899 ilriceios
331 855 395 894 rere
415 850 516 909 septem
534 838 604 907 apud
621 852 715 907 papam
731 836 809 893 Urbis
823 837 901 893 annis
952 839 1004 894 lirin
1018 840 1080 895 atini
1093 840 1313 904 observarentur,
1324 838 1395 910 quod
1410 838 1544 910 hodieque
1557 838 1627 910 apud
1641 853 1692 896 tros
1706 849 1747 897 te·

108 936 219 1006 degens,
236 933 349 987 idoneos
371 932 494 986 intentus
507 946 522 983 a
535 930 659 994 crimine,
675 929 708 983 ad
722 930 814 985 urbem
825 945 900 984 suam
952 941 1031 988 netur
1044 933 1185 1001 scriptum,
1200 946 1313 1002 quorum
1328 931 1395 988 ordo
1409 929 1453 988 hie
1465 939 1517 987 est.

109 1025 197 1080 redire
210 1024 302 1093 jussus
315 1033 367 1076 est.
384 1020 433 1076 liic
452 1020 595 1074 aedificarit
610 1020 747 1075 basilicam
762 1020 901 1090 parvulam
918 1056 922 1063 ·
1032 1008 1035 1016 ’
1269 1041 1429 1113 mmm,-

108 1130 191 1183 euper
210 1128 309 1181 corpus
323 1112 394 1168 beati
409 1112 529 1177 llartini,
547 1112 572 1166 in
595 1121 687 1182 quaet
704 1112 761 1180 ipse
782 1114 913 1189 sepultus!

108 1218 160 1263 est.
179 1207 301 1274 Cumque
326 1219 429 1275 porum
456 1205 653 1270 ingrederetur,
679 1205 836 1259 dementius
855 1219 904 1274 per

109 1298 190 1352 allam
206 1308 310 1367 portam
327 1306 448 1350 mortuus
470 1294 641 1361 efferebatur,
658 1311 712 1366 quo
725 1295 844 1364 sepulto,
859 1309 904 1350 ca-

110 1386 234 1442 thedram
249 1401 323 1441 suam
336 1385 539 1455 recepitttnoc
554 1383 641 1440 lerunt
655 1385 802 1439 instituisse
815 1384 903 1440 eoele-

109 1481 166 1535 sias
186 1491 234 1546 per
245 1481 333 1540 ricns,
351 1476 447 1543 idest,
462 1474 675 1541 Gatalonnumb,
692 1465 830 1545 briccam,
851 1474 904 1529 ilo·

110 1577 259 1638 tomagom,
275 1566 466 1633 Briotreidern‚
483 1564 646 1631 Cainouem3
669 1563 828 1635 fueruntque
846 1580 904 1620 om·

112 1672 161 1713 ues
198 1657 262 1711 atini
290 1654 461 1723 episcopatus
498 1653 557 1723 ejus
586 1655 760 1723 qnadraginta
789 1666 902 1725 septem.

111 1749 254 1818 Obiitqne,
279 1757 306 1801 et
328 1748 448 1814 sepultos
470 1754 511 1800 est
534 1744 560 1800 in
577 1746 706 1811 basilica,
726 1762 805 1817 qnam
825 1761 906 1817 super

112 1851 235 1897 sanetum
256 1839 401 1894 hiartinum
416 1839 567 1897 teilidcauit.
922 1835 944 1894 tt

148 1933 177 1988 5.
194 1932 309 1999 Quintus
332 1929 492 1984 Eristochius
516 1930 655 1984 ordinatur
680 1930 839 2000 episcopus,
867 1930 908 1983 vir
1275 1906 1314 1962 θ’
1330 1908 1432 1981 viimi&

988 1150 1054 1205 Post
1068 1150 1341 1221 Quinquaqesimams
1355 1160 1449 1225 quarta
1460 1161 1572 1209 etsexta
1584 1152 1649 1210 leria
1664 1171 1748 1227 osque

953 1243 1043 1299 namle
1058 1245 1143 1298 sancti
1159 1244 1279 1300 ioannis.
1297 1245 1335 1300 De
1346 1243 1468 1301 kalendis
1483 1246 1650 1317 Septembris
1665 1250 1749 1322 usqde

954 1335 1083 1392 kalendas
1096 1335 1219 1391 Octobris
1234 1337 1296 1391 bina
1312 1338 1338 1390 in
1357 1338 1505 1408 septimana
1518 1338 1631 1409 jejunia.
1651 1341 1689 1397 lie
1699 1339 1749 1396 lra-

955 1519 1015 1574 bina
1027 1521 1053 1573 in
1069 1518 1216 1587 septimana
1229 1517 1341 1588 jejunia.
1351 1517 1392 1573 hi
1401 1519 1569 1588 depositione
1581 1521 1672 1577 domni
1680 1521 1749 1579 Far·
1771 1524 1779 1535 “

957 1609 1004 1663 tini
1019 1622 1102 1676 usquc
1116 1609 1208 1662 Natale
1225 1608 1327 1662 boniini
1348 1617 1423 1666 terna
1436 1609 1463 1664 in
1476 1613 1624 1679 septimana
1637 1613 1749 1683 jejunia.

955 1699 994 1754 De
1008 1699 1087 1753 natali
1109 1698 1193 1754 sancti
1221 1697 1312 1753 ililarii
1335 1713 1419 1770 usque
1434 1691 1551 1756 medium
1574 1700 1749 1761 Februarium

959 1791 1021 1846 bina
1038 1791 1064 1846 in
1080 1792 1228 1861 septimana
1242 1791 1353 1861 jejunia.
1627 1775 1632 1787 ⁴

111 2029 223 2080 noctus
242 2033 270 2079 et
284 2022 381 2077 timens
397 2022 489 2087 beon,
504 2037 538 2078 cx
556 2038 654 2092 genere
673 2023 816 2078 senatorio.
832 2022 907 2078 llunc
993 2017 1078 2073 Natali
1095 2019 1197 2074 Domini
1212 2019 1239 2074 iu
1252 2018 1365 2075 ecelesia
1379 2022 1400 2075 ¹.
1417 2021 1573 2092 Epiphania,
1586 2023 1612 2078 in
1624 2025 1747 2085 eeclesia.

111 2113 200 2170 lerunt
211 2112 359 2168 instituisse
372 2112 501 2167 ecclesias
513 2127 560 2180 per
573 2113 656 2180 uicos,
685 2113 770 2168 uitro
793 2123 816 2178 ι,
841 2114 908 2169 lcio-
957 2109 1747 2176 Natalisanctiioaonis,adbasilicamdomnillartinidiatali

112 2204 221 2272 dorum,
238 2203 350 2269 buccas,
373 2203 465 2258 Dolus.
491 2202 644 2259 AEdillcatit
663 2205 744 2259 etiam
765 2205 906 2260 ecclesiam
956 2205 1040 2259 sancti
1055 2203 1125 2257 Petri
1139 2201 1339 2274 episcopatust',
1350 2202 1383 2256 ad
1405 2204 1482 2275 521
1500 2204 1583 2273 ipsius
1598 2206 1748 2267 basilicam.

112 2297 182 2352 inira
195 2311 286 2352 muros
295 2296 423 2359 civitatis,
436 2296 462 2349 in
477 2311 528 2366 qua
540 2295 666 2367 reliquias
677 2309 829 2350 sanetornm
840 2295 907 2352 Ger·
956 2296 1039 2353 Serto
1052 2295 1211 2369 [ahquinto]
1222 2296 1350 2352 kalendas
1361 2297 1460 2367 Aprilis
1473 2297 1680 2359 ilesuueetinne
1694 2303 1750 2360 ilo·

111 2392 218 2448 vasiiet
233 2391 345 2447 Protasii
358 2391 482 2461 martyris
493 2389 622 2455 condidit,
634 2405 694 2460 quae
707 2399 801 2444 sancto
817 2390 907 2444 harti-
957 2384 1023 2442 mini
1038 2389 1123 2443 nostri
1134 2387 1197 2444 iesu
1212 2387 1323 2453 Christi,
1337 2388 1370 2444 ad
1382 2388 1519 2445 basilicam
1529 2391 1750 2453 domnimartini.

111 2477 174 2537 riri·¹
188 2482 222 2538 de
237 2481 310 2537 ltalia
325 2491 387 2536 sunt
405 2480 518 2549 delatae,
535 2482 604 2536 sient
616 2492 724 2535 sanictos
740 2481 866 2536 l‘anlinus
879 2482 906 2537 in
957 2478 1069 2545 Pascha,
1080 2477 1126 2534 ink
1140 2480 1264 2537 ecelesia.
1281 2480 1327 2536 liic
1337 2479 1521 2546 decessionis,
1537 2482 1565 2538 in
1578 2481 1686 2540 basilica
1697 2485 1750 2543 do·

110 2573 226 2642 epistola
240 2587 288 2628 sua
302 2572 434 2628 meminit.
447 2571 522 2626 Sedit
538 2580 626 2626 autem
641 2584 726 2626 annos
753 2571 907 2641 septeinde·
958 2571 1012 2627 mni
1027 2571 1141 2627 hiartini.
1164 2571 1211 2627 iiie
1231 2571 1484 2644 quinquagesinum,
1500 2574 1527 2630 in
1541 2575 1668 2632 ecclesia.
1684 2576 1751 2632 Pas·

111 2667 177 2722 cim
194 2667 229 2722 Et
242 2666 362 2736 sepultus
375 2675 416 2722 est
431 2666 456 2721 in
474 2665 598 2731 basilica,
614 2682 692 2737 qoam
713 2666 833 2722 Briccius
847 2667 903 2739 epi·
957 2664 1033 2720 sione
1051 2664 1134 2720 saiieti
1146 2663 1257 2720 ioannis
1270 2673 1302 2729 ιι,
1323 2665 1356 2720 ad
1372 2665 1520 2735 basilicam,
1541 2667 1568 2720 ln
1583 2666 1750 2737 baptisterio.

110 2773 212 2829 scopos
225 2773 307 2830 super
320 2768 442 2815 sanctum
459 2758 600 2814 blartinom
615 2767 781 2819 struxeram
957 2752 1042 2810 lietali
1055 2762 1209 2810 unctorum
1221 2755 1402 2822 apostolorum
1414 2755 1486 2811 Petri
1500 2764 1528 2811 et
1538 2755 1624 2824 Pauli,
1637 2757 1670 2813 ad
1680 2756 1750 2826 ipso·

149 2848 231 2922 520
242 2849 270 2904 6.
290 2849 388 2906 Sextus
401 2846 539 2904 inlinatur
551 2848 705 2920 Perpetuus,
719 2848 753 2904 de
766 2862 865 2919 genere
879 2856 907 2904 et
957 2862 1016 2904 rum
1036 2846 1181 2903 basilicam.
1203 2844 1290 2901 Natali
1308 2846 1392 2902 saneti
1407 2845 1569 2913 hlartiai,ad
1584 2847 1641 2918 eius
1660 2848 1750 2906 braih-

112 2945 191 3013 ipse,
207 2953 235 2999 ut
257 2944 341 3009 aiunt,
367 2943 519 3011 senatorio,
535 2950 562 2997 et
575 2941 739 3012 propinquus
758 2941 907 2998 decessoris
958 2952 1027 2994 cam
1041 2937 1126 2992 Natali
1141 2937 1226 2993 sancti
1247 2936 1446 3008 symphoriani,
1461 2938 1495 2993 ad
1509 2938 1645 2996 basilicam
1659 2940 1752 2998 domari

53 3053 56 3057 ·
112 3035 176 3100 sui,
189 3036 266 3090 dires
278 3035 372 3098 vaide,
386 3042 413 3089 et
427 3050 474 3103 per
489 3035 585 3088 minitas
597 3033 719 3090 ciuitates
734 3034 834 3088 babens
846 3048 907 3103 pos·
959 3029 1074 3087 Muttini.
1087 3029 1172 3084 Natali
1183 3027 1270 3084 teneti
1282 3028 1386 3097 Ιιῑῑοιὶἱ,
1397 3028 1430 3083 dd
1439 3028 1651 3099 elutbttilicetn.
1665 3031 1750 3088 llettt¹⁸

111 3129 258 3184 sationes.
275 3126 333 3192 ilic,
347 3127 469 3183 subinota
486 3126 593 3181 basilica
608 3141 686 3200 quam
698 3125 771 3196 prins
787 3126 906 3182 Briecius
958 3120 1050 3177 uitato
1064 3120 1149 3177 sancti
1163 3119 1279 3189 hlartini,
1290 3119 1323 3174 ad
1336 3118 1394 3190 ejus
1404 3119 1552 3176 basilicam.
1564 3120 1650 3178 Natali
1663 3111 1751 3181 sancti

152 3248 165 3276 ·
183 3237 228 3294 Sic
240 3237 299 3293 eod.
316 3236 431 3305 Reginum
446 3237 489 3292 alii
506 3235 622 3292 Bricciur
637 3253 695 3292 nero
711 3253 738 3292 re
753 3236 788 3290 nd
803 3255 905 3309 popam.
919 3219 943 3284 C
958 3233 1071 3291 Protesii
1087 3236 1155 3290 intra
1178 3248 1269 3290 muros
1283 3233 1357 3290 urbis
1371 3233 1507 3292 exstitisse
1526 3233 1624 3292 dicitur
1639 3236 1750 3296 inlerlua'

113 3308 183 3364 Vide
197 3318 274 3363 rinus
288 3307 313 3361 io
327 3307 374 3362 lib.
395 3323 424 3374 ιι,
440 3323 500 3379 cap.
519 3308 543 3363 l.
559 3307 666 3362 Festum
684 3307 744 3378 ejus
757 3307 908 3364 celebratur
959 3321 1034 3363 num.
1056 3305 1098 3360 te.

113 3379 160 3435 dre
176 3378 209 3434 ta
223 3377 389 3432 Noreinliris.
996 3386 1008 3415 ⁸
1029 3375 1136 3431 Festum
1151 3374 1286 3431 Eostnclrii
1300 3376 1398 3431 colitur
1409 3375 1435 3429 in
1449 3374 1637 3447 llartyroioqio
1652 3379 1751 3435 Roma·

153 3448 167 3488 b
185 3449 372 3513 Calatonnunr,
393 3445 470 3502 Cnlh.
489 3463 526 3502 m.
542 3456 569 3501 et
586 3445 636 3503 Ch.
659 3448 711 3513 ab,
726 3447 907 3504 caiotoooooi.
959 3447 1051 3502 nodie
1069 3448 1101 3501 ld
1116 3446 1293 3514 Septembris.
1310 3447 1334 3500 ls
1349 3444 1468 3500 interluit
1481 3447 1597 3502 coneilio
1611 3449 1750 3522 llndegar.

114 3520 194 3575 llnne
208 3519 295 3572 locum
309 3533 370 3572 csse
383 3516 644 3581 erilium-Montem,
660 3519 737 3588 rrilqn
751 3517 906 3586 chaumont,
959 3532 1030 3572 antio
1043 3515 1106 3570 453.
1121 3516 1234 3584 scripsit
1248 3532 1308 3573 cum
1327 3515 1417 3571 Leone
1431 3526 1458 3570 et
1477 3516 1596 3572 victurio
1608 3520 1749 3589 epistolam

114 3592 143 3645 in
158 3589 255 3645 duribus
268 3589 406 3642 'turonum
421 3598 448 3643 et
464 3589 640 3653 blesensium,
662 3589 796 3644 existimat
810 3589 908 3645 hlarol-
959 3596 1052 3643 contra
1072 3588 1187 3644 clericos
1205 3588 1250 3657 qoi
1266 3587 1299 3642 ad
1315 3587 1457 3643 tribunalia
1472 3588 1612 3643 secularia
1630 3604 1751 3647 recurre·

114 3659 179 3725 lios,
191 3659 286 3727 niroda
306 3658 410 3713 Falerio
425 3659 600 3728 improbatur,
615 3659 658 3726 qui
675 3662 762 3730 potius
781 3674 841 3714 esse
855 3676 909 3730 pu·
960 3658 1033 3714 bant.

116 3739 158 3784 tat
173 3730 265 3793 Chen,
280 3728 312 3782 ad
328 3728 455 3783 Andriam
471 3731 540 3785 inter
555 3727 729 3796 Paludelluni,
750 3727 864 3796 Paleou,
879 3740 909 3786 et
998 3728 1008 3766 ¹
1029 3727 1112 3795 liujus
1127 3727 1248 3783 eeclesiae
1268 3727 1476 3797 descriptionem
1499 3740 1650 3784 accuratam
1671 3731 1753 3787 liuius

116 3801 321 3855 castellionem.
345 3798 434 3853 Bricca
457 3813 490 3852 an
507 3797 577 3869 erno
596 3807 641 3853 aut
655 3796 706 3853 ure
720 3799 753 3855 ad
776 3799 908 3870 erigerem
960 3813 1039 3864 stupra
1052 3800 1097 3853 tib.
1110 3813 1148 3864 ιι,
1161 3813 1220 3868 cap.
1237 3798 1278 3853 tt.
1292 3799 1359 3854 Vide
1369 3797 1453 3853 etlib.
1466 3812 1474 3853 ι
1487 3797 1577 3853 liirac.
1589 3803 1673 3856 sancti
1686 3802 1753 3856 ilior-

117 3885 165 3925 scn
180 3871 307 3925 Andriam
329 3869 455 3923 tlnrinml
470 3869 518 3924 Est
538 3885 642 3937 iitroque
662 3869 736 3925 locus
752 3872 778 3923 in
792 3871 910 3926 cousmio
961 3869 1020 3933 tini,
1034 3884 1093 3938 cap.
1109 3869 1136 3923 b‘.

117 3941 257 3995 Turonum
271 3947 300 3994 et
314 3939 528 4009 hndegauornm,
544 3938 631 3992 dictos
641 3938 722 4011 uulgo
732 3938 840 3996 Briche.
854 3941 909 3996 lio-
997 3949 1009 3984 t
1031 3939 1128 3994 telesia
1141 3939 1564 4008 Perrtccostc.Qiiinquaqesimam
1577 3940 1752 4009 eniinnppel·

120 4012 276 4080 thomaquui
291 4011 424 4064 hlarolliua
439 4011 538 4078 putarit
551 4024 611 4063 esse
626 4010 733 4072 uictum,
753 4011 796 4066 cui
813 4027 909 4067 nomen
962 4010 1052 4066 labant
1076 4021 1182 4066 ueteres
1203 4021 1306 4079 tempus
1332 4010 1396 4064 illud
1419 4009 1488 4076 siniit
1507 4010 1574 4062 inter
1597 4010 1698 4064 Pascha
1724 4022 1750 4067 et

118 4081 237 4146 lolioee‘,
248 4078 672 4135 autsaint-dntoine-du·iiocher.
683 4082 718 4134 dt
732 4081 840 4137 llaaiius
853 4098 910 4137 ioa-
962 4080 1136 4136 l‘eotecosten
1158 4081 1318 4146 intercedit,
1337 4095 1389 4149 quo
1415 4088 1534 4147 tempere
1558 4077 1681 4149 jejunare
1699 4096 1756 4140 noo

118 4153 173 4206 ruit
188 4152 356 4215 interpretari
372 4150 406 4204 de
422 4149 515 4215 duent,
527 4150 571 4219 qui
588 4149 662 4205 locus
676 4160 716 4204 est
732 4150 801 4207 haurd
818 4153 910 4215 procul
961 4152 1068 4207 licebat.

119 4237 132 4275 a
147 4221 361 4278 Monte-busonis
375 4221 453 4286 situs,
464 4221 505 4274 rol
526 4220 637 4274 edictus
651 4221 674 4274 ie
691 4219 756 4274 Ροιι
771 4226 802 4276 ilc
815 4222 909 4287 huam,
998 4219 1011 4258 l
1034 4223 1084 4277 iste
1098 4221 1224 4275 articulus
1240 4236 1292 4276 non
1306 4221 1416 4279 liabetur
1431 4221 1457 4276 in
1473 4221 1533 4277 eod.
1551 4220 1646 4291 ileqio.

118 4303 228 4359 aprime
242 4290 287 4362 qui
303 4289 339 4344 ibi
352 4291 458 4345 hodiiae
473 4236 594 4359 (lindie)
608 4289 688 4344 llnuio
709 4291 847 4362 impositos
859 4302 909 4348 est.
1001 4290 1008 4329 ἰ
1031 4292 1057 4346 hl
1073 4294 1152 4347 estin
1167 4291 1279 4347 ecclesia
1293 4290 1450 4346 cathedrali.

122 4361 279 4416 Briotreidis
289 4361 409 4415 ttarottio
421 4375 459 4414 est
472 4361 607 4425 dntrdclte,
617 4362 792 4417 tribuslcucis
802 4363 834 4416 ad
848 4369 911 4417 tm-
999 4361 1006 4414 i
1033 4364 1058 4416 lil
1071 4371 1112 4416 est
1134 4361 1228 4417 tesino
1243 4360 1384 4417 cathedrae
1404 4364 1488 4416 sancti
1502 4361 1582 4422 Petri,
1596 4370 1623 4416 ut
1637 4361 1753 4428 appella·

122 4434 193 4487 baria
213 4432 330 4486 ‘distans
344 4431 456 4505 lluauus
470 4441 543 4499 putat
562 4445 622 4485 esse
637 4430 733 4492 Fceris,
749 4444 866 4487 castrum
883 4433 909 4487 io
963 4443 1004 4485 tin·
1019 4434 1044 4487 in
1059 4447 1136 4488 conc.
1152 4433 1301 4488 l‘uronensi
1318 4449 1347 4499 n,
1362 4432 1433 4503 qnod
1448 4435 1515 4488 aden
1529 4432 1635 4488 celebre
1656 4439 1715 4487 erat
1726 4432 1765 4501 iuv

121 4503 201 4568 sestis
214 4501 384 4555 dominorum
400 4502 614 4556 hmbaciensiuni
631 4513 817 4567 nienmratuni,
830 4505 910 4571 uulgo
962 4503 1065 4569 Galliis,
1088 4515 1115 4557 ut
1129 4503 1228 4558 exinde
1241 4504 1273 4556 ad
1288 4503 1526 4572 Qiradragcsimam
1549 4503 1689 4558 dornoniae
1702 4503 1755 4569 pri-

123 4572 225 4641 lirianp.
242 4575 276 4625 Αι
290 4569 408 4625 Valesius
420 4572 557 4626 cttiuendit
571 4586 631 4627 csse
647 4571 671 4623 le
682 4571 791 4626 linitione
805 4578 836 4627 ad
854 4579 908 4628 hu·
926 4600 947 4656 D
963 4591 1023 4636 nto,
1038 4576 1163 4637 ternodo,
1180 4583 1249 4634 ete,
1267 4585 1321 4639 pou
1334 4574 1486 4628 Cethedront
1501 4575 1582 4628 iuncti
1599 4572 1668 4628 Petri
1681 4574 1757 4628 dice·

122 4644 215 4696 driani.
234 4642 333 4704 Caino,
349 4642 426 4712 uulgo
441 4640 540 4696 Chinon
553 4643 586 4696 ad
604 4643 765 4712 lingentium
778 4681 787 4709 ,
801 4645 836 4701 de
856 4659 910 4714 quo
961 4645 1067 4698 bantur.
1086 4644 1152 4699 Fide
1179 4644 1321 4698 hiabiilonii
1351 4645 1553 4699 obseruationes
1572 4646 1597 4698 in
1622 4660 1698 4699 rium.
1720 4640 1757 4698 ii

124 4712 386 4836 i³¹⁸e⁸⁸3x·in·¹⁸'⁵p'³¹qi⁸;⁵·'
409 4779 510 4836 θείῃ.
582 4782 597 4836 d
692 4780 700 4795 ⁹
766 4793 774 4837 ι
931 4714 1021 4837 'hlutri
1041 4729 1058 4767 ιι
1084 4715 1118 4770 do
1142 4714 1260 4786 liturgia
1282 4716 1427 4771 Gallicana.
1450 4715 1477 4770 ln
1497 4716 1546 4770 Ch.
1564 4716 1640 4770 deest
1656 4714 1762 4783 episeo·

212 4797 277 4836 risis
315 4797 397 4835 aeto
488 4798 566 4849 rien,
600 4797 909 4850 equinrnnoaprace·
979 4801 1047 4839 cur.

125 4855 203 4907 denti.
222 4852 384 4918 iciodorum,
400 4860 428 4906 ut
443 4853 497 4918 jnm
520 4799 635 4907 diximus
654 4852 721 4907 libro
736 4870 772 4919 ιι,
787 4870 847 4920 cap.
865 4857 910 4922 ld,
961 4803 978 4856 ρ
998 4854 1011 4892 k
1033 4854 1140 4909 Festum
1157 4853 1295 4909 Pascliati's
1315 4870 1329 4907 a
1353 4854 1420 4910 iesto
1436 4853 1648 4909 Resurmctionis
1662 4852 1757 4908 distin·

126 4938 159 4976 est
175 4923 276 4987 iseros,
291 4925 317 4976 in
336 4921 432 4976 linibus
446 4922 580 4976 'lirroinno
596 4933 623 4978 et
640 4924 788 4981 Pictonum.
807 4925 909 4990 tucca,
962 4929 1053 4993 quitor
1066 4928 1091 4978 io
1106 4925 1296 4980 vetustioribus
1309 4924 1495 4979 ilalcndnriis:
1512 4926 1555 4979 ubi
1572 4924 1758 4978 Resurrectio·

59 5040 64 5045 .
126 5008 178 5054 seir,
194 5007 222 5046 ot
234 4993 334 5047 liabent
345 4992 423 5046 coln.
443 5003 522 5048 met
538 4994 617 5060 lice,
632 4993 722 5062 docte,
742 5004 789 5049 ant
804 5006 831 5049 ut
846 4997 912 5050 alias
965 4996 1004 5050 ni.
1019 4998 1115 5049 iosmni
1131 4998 1175 5049 die
1190 4994 1225 5049 et
1242 4996 1327 5050 llartii
1345 4994 1482 5058 recolitur,
1500 4994 1601 5050 Pascha
1609 5003 1717 5059 auum,
1729 5004 1758 5051 et

127 5062 198 5118 babet
208 5061 366 5134 Gregorius.
383 5062 485 5127 Lucina,
502 5063 578 5128 niolae
599 5063 709 5127 locha,
733 5066 767 5120 ab
782 5066 909 5120 Andriam
964 5075 1176 5129 ornnes-norunt,
1189 5067 1270 5120 variis
1284 5066 1378 5120 diebus
1393 5080 1441 5131 pro
1457 5068 1585 5122 uarietate
1601 5065 1672 5120 lutire
1687 5081 1759 5121 scru-

127 5132 444 5204 modiiqerinitt’hrdre)
459 5133 670 5201 tricecesimus,
685 5134 729 5188 nbi
745 5136 839 5191 beatus
859 5137 910 5190 Se·
965 5136 1186 5206 percelebratum
1203 5135 1229 5189 in
1246 5135 1362 5193 Ecclesia
1379 5135 1437 5192 luit.

128 5204 189 5258 ntuli
213 5203 403 5258 iiinrinsterinin
424 5205 559 5257 eicitarit.
587 5203 666 5259 Deliis
689 5219 784 5259 ooriien
804 5218 846 5262 est
861 5205 909 5260 uici
1003 5203 1012 5244 ¹
1036 5205 1060 5258 ld
1073 5215 1115 5260 est
1129 5206 1310 5261 Peritecostes.
1323 5205 1678 5277 Sieqnoqueappellaturin
1690 5218 1757 5261 eun·

129 5272 189 5329 laod
207 5275 298 5344 procui
311 5275 345 5328 ab
358 5275 456 5327 Andria
469 5273 548 5326 dicein
560 5273 613 5327 siti.
736 5295 738 5298 ’
964 5277 1010 5331 cil.
1027 5275 1196 5338 decredimus,
1211 5291 1271 5329 can.
1286 5275 1332 5329 ιδ.

157 5346 168 5380 ‘¹
187 5347 232 5400 sc
249 5346 310 5399 lice.
322 5343 373 5398 elit
387 5361 403 5397 o
416 5344 448 5398 S.
467 5343 590 5408 Martiam,
604 5346 653 5401 scd
664 5345 913 5402 inenilose.llonier
973 5354 977 5361 '
998 5354 1017 5385 ¹¹
1039 5346 1065 5400 ln
1081 5347 1296 5402 sacramentario
1308 5345 1456 5411 Gallicano,
1470 5346 1541 5414 quod
1556 5344 1758 5400 erctustocud.

129 5426 198 5482 ιιιιιι
213 5418 244 5470 li
261 5415 308 5470 lib.
324 5430 332 5468 ι
346 5414 380 5468 de
394 5414 484 5467 Gloria
501 5415 576 5469 biart.
592 5414 621 5469 iit
637 5419 744 5484 ipiidcin
759 5429 911 5473 sanctorum
964 5429 1056 5470 noster
1070 5417 1237 5471 linbillonius
1251 5418 1335 5472 edidit
1351 5427 1424 5471 torno
1442 5418 1451 5472 Ι
1474 5418 1556 5472 hlusei
1572 5415 1666 5480 italici,
1687 5414 1759 5470 latei

129 5485 241 5542 listrisri
253 5496 281 5540 et
292 5485 407 5540 riniani
422 5484 549 5554 reliquias
564 5486 664 5541 inuenit
678 5496 786 5541 saiictns
797 5488 912 5543 diiilno-
965 5487 1135 5542 Natiuitatcnr
1157 5489 1242 5542 sancti
1257 5488 1368 5543 deisonis
1383 5496 1410 5542 et
1429 5488 1525 5542 icstmn
1541 5496 1695 5539 sanctorum
1709 5484 1758 5541 Fa-

116 5558 174 5608 sius
185 5574 231 5609 aii.
243 5554 306 5620 aeti,
319 5554 433 5624 quoiam
441 5568 497 5609 crat
509 5554 765 5626 episcopussanctus
774 5559 910 5611 ltartinns.
966 5559 999 5611 tri
1023 5568 1049 5612 et
1064 5558 1137 5611 l’auli
1153 5557 1268 5613 habetur
1279 5556 1359 5613 iliam
1369 5558 1398 5612 in
1412 5554 1614 5611 conciliationis
1630 5556 1759 5622 poeticas.

127 5623 912 5696 ilptstoiasanotiPauiiitibiciaudatauouetstel.liudieqnn
1000 5636 1013 5664 '¹
1035 5629 1089 5683 iioc
1110 5627 1206 5682 Festum
1225 5629 1251 5683 iu
1264 5629 1322 5683 solo
1340 5627 1401 5683 eod.
1418 5626 1499 5697 ileqio
1514 5624 1634 5679 talietnr.
1653 5625 1686 5680 Et
1715 5624 1761 5682 ui·

116 5696 300 5768 wiotorjoxta
315 5696 454 5751 eccesiam
464 5697 548 5752 heatae
561 5697 650 5752 llario
662 5697 914 5753 libitisoratorimn.
960 5696 1022 5751 dem
1035 5706 1138 5754 cortone
1149 5709 1190 5754 eu
1204 5713 1236 5753 cr
1258 5700 1315 5767 ipso
1329 5698 1458 5766 Gregorio
1477 5694 1572 5751 lectura
1587 5697 1675 5752 sancti
1716 5713 1759 5750 or-

112 5775 181 5819 ‹uin
196 5779 279 5834 parre
290 5767 459 5833 nosocomio,
473 5767 522 5825 Si.
535 5767 665 5824 Gerr-asin
680 5776 707 5822 et
727 5769 848 5822 Protesio
862 5783 907 5819 so·
962 5767 1076 5838 troilum
1096 5766 1138 5820 his
1154 5771 1318 5829 temporibus
1339 5766 1373 5820 du
1395 5768 1436 5822 les
1460 5766 1550 5826 luisse,
1568 5783 1648 5821 unum
1667 5779 1762 5823 iriense

123 5844 216 5898 moui,
231 5836 280 5892 sed
302 5835 328 5890 ln
349 5835 484 5897 suburbio.
500 5843 534 5896 et
548 5838 662 5897 eeclesia
674 5837 724 5894 SS.
739 5839 858 5896 Geruasii
880 5848 905 5893 et
957 5835 1042 5898 totio.
1056 5841 1172 5896 alterum
1184 5854 1245 5898 tero
1260 5851 1368 5896 merim.
1383 5836 1514 5906 otembii,
1527 5835 1572 5895 liic
1585 5850 1755 5910 cupressum.

956 1427 1041 1483 lendis
1062 1425 1186 1482 Octobris
1212 1442 1296 1496 usque
1315 1426 1510 1496 depositionem
1530 1428 1621 1485 donini
1645 1426 1753 1490 hiartini=
1865 1502 1866 1507 η
