3736 6248
114 350 164 418 bil
575 355 733 414 titstdttta
754 351 977 411 ibtbcdtttttt.
999 352 1100 409 tlttsu
1121 353 1281 415 DECllle.
1691 351 1747 411 558

112 485 197 540 oerrrt,
213 473 374 543 pauperihus
389 473 524 539 erogabat,
543 481 716 537 prosternens
732 483 761 521 se
773 467 839 528 solo,
864 464 944 525 (Μ
993 465 1085 519 lllllll.
1122 466 1309 537 baguemorhis
1336 476 1347 505 ε
1377 479 1483 536 qnoque
1506 464 1647 524 Parisiarae
1670 469 1746 526 urhla

112 565 228 621 [arideus
238 568 387 618 orationem
406 578 466 616 euru
482 563 594 617 rrruliere
609 576 774 623 memorare,
795 568 824 613 ct
843 575 900 612 sur·
955 557 1095 625 epi-copus
1110 558 1185 612 obiit.
1206 560 1325 625 Curtaque
1339 572 1482 626 germanus
1496 559 1554 626 ejus
1580 558 1746 618 Faraauudtta

111 672 177 727 gens
198 671 229 711 se
251 657 375 709 iterurna
398 653 633 708 circumstantibus
657 652 760 705 adorari
780 650 901 719 jubebat.
957 649 1097 718 presbyter
1126 665 1173 716 pro
1202 652 1358 718 episcopatu
1386 655 1579 718 concurreret,
1613 651 1746 712 Eusebius

112 749 360 803 Praedicelratenim
375 746 474 810 loturo,
495 756 521 799 et
535 746 694 814 quibusdam
709 745 827 803 morbos,
841 743 902 810 qui·
955 741 1062 808 qudam
1079 743 1236 810 negotiator,
1262 756 1361 808 genere
1386 740 1483 810 Syrus,
1500 742 1569 797 dotis
1582 743 1672 798 multis
1688 760 1746 799 mrt-

112 841 224 893 busdam
243 841 341 893 duurrro
363 837 504 902 prroveuire
518 837 703 898 denuntiabat,
725 835 816 901 parteis
833 834 901 886 salu·
955 834 1075 894 uerilms,
1095 835 1120 885 io
1137 835 1224 886 locum
1245 833 1303 900 ejus
1318 834 1478 902 subrogatus
1497 844 1539 887 est
1561 849 1569 888 a
1597 835 1674 903 isque
1697 851 1745 891 ac-

112 929 305 984 terul'oturam.
334 927 387 981 Sed
413 927 471 981 haec
486 926 576 979 omnia
598 923 735 979 diabolicis
748 923 861 988 artibus,
874 930 903 977 et
955 933 1032 990 cepto
1054 925 1211 989 episcopatu
1232 938 1339 978 omnem
1369 922 1519 980 schulaor‘¹
1540 926 1747 987 d=·cessorlsarri

111 1021 254 1092 praestigiis
270 1019 361 1075 neseio
374 1019 471 1087 quibus
485 1019 592 1088 agebat.
619 1017 734 1072 Seducta
757 1024 798 1070 est
811 1025 900 1068 autem
955 1014 1096 1081 abjiciens,
1117 1014 1202 1084 Syros
1216 1017 1250 1071 de
1275 1031 1373 1086 genere
1386 1032 1436 1071 siro
1454 1018 1641 1074 ecclesiastice
1653 1019 1746 1074 domui

109 1130 159 1185 per
181 1130 243 1169 eum
264 1111 406 1167 multitudo
426 1111 556 1164 immensa
573 1109 680 1179 populi,
696 1118 724 1162 et
739 1122 792 1161 uuir
811 1107 900 1159 solnm
956 1106 1092 1161 mini-tros
1116 1105 1220 1160 statuit.
1244 1107 1315 1161 dbiir
1329 1117 1356 1162 et
1376 1108 1512 1176 Sulpicius
1537 1109 1661 1164 bituricas
1673 1111 1747 1165 urbis

109 1204 285 1270 rusticiores,
312 1216 403 1257 uerum
431 1200 511 1254 etiam
537 1201 691 1254 sacerdotes
716 1195 902 1252 ecclesiastici.
955 1198 1092 1263 pontifex,
1113 1196 1321 1265 cathedramque
1347 1197 1406 1267 ejus
1434 1199 1601 1254 Eustasius·
1621 1199 1746 1268 augusti·

109 1297 298 1367 Sequebantur
320 1303 409 1348 autern
434 1307 494 1347 eunt
520 1291 637 1359 amplius
651 1303 730 1357 quam
758 1290 806 1341 tria
821 1286 901 1339 millia
954 1287 1083 1341 dunensis
1097 1287 1225 1341 diaconus
1237 1300 1276 1341 est
1293 1290 1415 1342 sortitus.

111 1387 216 1457 popuii.
232 1386 336 1440 luterea
352 1384 434 1451 coepit
447 1382 575 1451 qoosdzou
591 1380 708 1448 spoliare
728 1393 761 1432 ac
776 1377 901 1446 praedari,
990 1376 1098 1431 littt'tt.
1121 1377 1191 1431 luter
1210 1378 1395 1432 'tornacenses
1417 1394 1523 1446 qnoque
1548 1378 1666 1434 Francus
1692 1392 1746 1435 nort

109 1493 177 1548 qnos
191 1479 216 1530 io
231 1477 328 1529 itinere
341 1475 509 1543 reperisset:
532 1471 616 1540 spolio
629 1482 716 1524 tameo
734 1487 786 1522 ιιιιι
802 1469 902 1522 haben·
955 1471 1098 1525 irrediocris
1119 1471 1278 1538 disceptatio
1303 1480 1361 1524 orta
1381 1481 1433 1536 est,
1459 1486 1508 1542 pro
1520 1487 1553 1528 eo
1569 1472 1642 1542 qnod
1667 1473 1747 1526 unios

111 1570 182 1624 tibus
202 1568 375 1636 largiebatur,
398 1563 537 1631 Episcupis
555 1576 586 1615 ac
598 1560 700 1615 civibus
712 1559 798 1612 mitras
809 1558 903 1612 mortis
955 1563 1034 1624 lilius,
1061 1563 1169 1615 alterius
1193 1561 1287 1628 lilium,
1306 1562 1352 1631 qui
1373 1576 1495 1616 sororem
1521 1563 1580 1632 ejus
1603 1564 1629 1617 iu
1655 1561 1749 1616 notri-

111 1660 270 1721 intentabat,
283 1674 318 1713 eo
334 1656 403 1725 qnod
418 1655 453 1708 ab
472 1655 504 1707 iis
518 1652 625 1707 adorari
640 1651 836 1718 despiceretur.
860 1647 904 1701 lo·
955 1652 1072 1705 monium
1087 1662 1236 1720 acceperat,
1252 1667 1312 1706 crim
1328 1652 1366 1706 ira
1390 1655 1488 1719 sepios
1504 1653 1673 1723 olsjorgabat,
1696 1668 1750 1709 car

109 1766 219 1824 gressus
241 1759 331 1803 autem
358 1744 474 1800 bellante
499 1743 571 1797 urhis
598 1743 752 1798 termimum.
766 1739 798 1791 ad
814 1739 902 1792 locum
954 1743 1069 1812 corquge
1084 1743 1175 1797 relicta
1195 1752 1313 1798 scortum
1332 1742 1438 1796 adiret:
1454 1760 1514 1812 quae
1525 1744 1671 1809 iracundia,
1684 1759 1746 1799 cum

110 1858 189 1913 quem
202 1843 323 1896 hrrierurn
339 1846 351 1874 ι
364 1853 405 1890 ιιι
415 1835 483 1888 itaut
494 1833 607 1898 aceedit,
622 1841 649 1883 et
659 1830 691 1883 od
707 1829 829 1883 basilicas
842 1841 904 1895 pro·
919 1844 943 1904 Β
959 1835 1112 1888 ornerrdatio
1123 1835 1244 1889 criruiuis
1256 1851 1308 1889 non
1322 1836 1487 1899 sacred-ror,
1503 1834 1665 1905 usqueadeo
1678 1835 1747 1895 elata

110 1933 225 2002 pinques
239 1945 299 1984 curn
314 1927 386 1981 omrri
400 1925 519 1980 exercitu
533 1923 643 1988 restitit,
661 1922 795 1974 instruens
806 1919 902 1982 aciem,
958 1932 1009 1988 ost,
1025 1935 1053 1977 ιιι
1067 1929 1171 1979 irruens
1186 1939 1342 1995 puersuper
1356 1941 1423 1994 rogo
1433 1935 1496 1980 rtrrur
1511 1941 1601 1991 surim,
1614 1941 1747 1984 eumcum

111 2023 225 2091 qualiter
239 2015 380 2073 burellob
400 2016 499 2070 ibidem
514 2025 575 2067 unm
598 2010 754 2066 corrsistenti
779 2011 917 2078 episcopo
956 2018 1012 2071 suis
1026 2017 1198 2081 interliceret,
1215 2024 1296 2086 atque
1307 2020 1362 2086 ipse
1374 2019 1409 2070 ab
1428 2019 1535 2072 liscum
1556 2019 1653 2088 quihus
1667 2034 1745 2074 reue·

111 2113 209 2167 bellum
226 2109 346 2172 inlerret,
368 2109 476 2162 mittens
500 2106 581 2158 etiam
601 2112 664 2157 orote
678 2117 708 2157 se
722 2100 843 2168 uurrtios,
857 2101 906 2154 ho·
956 2116 997 2161 rat
1021 2108 1065 2162 ille
1080 2118 1305 2176 prosterneretur,
1327 2123 1377 2163 uec
1390 2118 1543 2164 remaneret
1555 2110 1687 2179 quispiam
1710 2125 1747 2167 es

111 2205 197 2258 mines
210 2199 283 2255 nudo
296 2212 419 2268 corpore,
445 2199 576 2252 miratores
599 2204 679 2263 atque
699 2192 831 2255 ludentes,
858 2191 904 2263 qui
958 2198 1089 2266 utrisque,
1107 2198 1156 2252 uisi
1178 2212 1248 2250 rarius
1263 2206 1364 2251 tantum
1379 2198 1422 2252 ersi
1438 2212 1581 2267 percussor
1597 2199 1693 2255 deluit.
1709 2198 1747 2258 tir

111 2293 255 2349 adrentum
267 2289 533 2358 ejusaoouoriareot.
543 2286 618 2351 Quod
629 2298 739 2352 stupens
750 2284 903 2353 episeopus,
956 2287 1007 2342 hoc
1020 2298 1143 2356 parentes
1159 2289 1297 2354 utriusque
1310 2288 1381 2343 luter
1400 2303 1430 2344 se
1443 2289 1597 2356 serierrtss,
1617 2304 1632 2344 a
1649 2290 1748 2347 Frede-

112 2386 209 2443 direxit
223 2385 256 2438 ad
269 2398 331 2438 eum
347 2383 422 2436 riuos
438 2389 575 2445 strennos,
592 2378 758 2448 inquirentes
775 2376 839 2447 quid
853 2375 905 2430 sibi
955 2377 1043 2447 gaude
1056 2379 1147 2448 regina
1168 2379 1324 2447 plerumque
1343 2380 1541 2449 arguebantur,
1568 2380 1647 2452 521
1663 2391 1692 2436 ut
1705 2395 1748 2437 rs·

112 2481 211 2536 relleat
226 2480 276 2534 ista
290 2493 350 2549 quae
362 2483 481 2546 gereret.
497 2473 572 2530 brius
586 2482 675 2527 autem
688 2487 721 2525 ea
741 2471 773 2524 iis
785 2469 831 2540 qui
846 2478 906 2524 erat
956 2471 1018 2527 licta
1034 2471 1172 2528 inimicitia
1193 2473 1341 2528 concordes
1357 2475 1462 2540 deserit,
1478 2489 1512 2530 oe
1532 2475 1679 2544 pertinacia
1693 2476 1748 2531 litis

112 2574 215 2640 maior,
238 2586 299 2627 cum
311 2585 341 2626 se
365 2570 520 2624 inclinasset
538 2565 615 2636 quasi
626 2566 797 2619 osculaturus
818 2578 905 2633 genua
956 2564 983 2618 ln
999 2562 1085 2631 rusius
1097 2563 1467 2641 subreberemrseandatom.
1485 2564 1537 2620 Sed
1553 2579 1614 2620 cum
1634 2571 1746 2623 eosdem

113 2667 213 2735 elusae
226 2664 396 2720 discussurus
407 2662 478 2716 uiam
492 2659 574 2724 illius,
585 2658 666 2728 jussit
678 2672 740 2712 eunt
753 2661 905 2727 apprehen·
956 2655 1045 2710 serbis
1058 2656 1162 2710 leuibus
1177 2656 1283 2724 placare
1308 2656 1445 2724 nequiret,
1468 2664 1612 2727 utrumqne
1631 2656 1749 2728 bipenne

114 2772 172 2812 nrm
192 2755 325 2827 spoliari:
354 2768 403 2808 uec
423 2766 509 2816 mora,
535 2750 578 2805 ille
603 2748 745 2824 evaginato
766 2745 855 2816 gladio
878 2747 906 2800 in
956 2752 1128 2812 contpescurt.
1157 2741 1280 2798 loritatis
1300 2743 1373 2798 enim
1398 2744 1431 2799 ad
1450 2744 1558 2814 epulum
1575 2744 1677 2810 multis,
1700 2746 1749 2800 hoa

112 2846 196 2902 lrusta
217 2846 345 2907 coincidit,
360 2842 511 2912 ceciditque
532 2840 656 2895 Christus
678 2837 798 2905 ittotai
821 2836 907 2908 magis
957 2836 1052 2891 tresin
1068 2850 1121 2890 urm
1145 2834 1208 2891 lecit
1233 2836 1328 2892 sedere
1352 2835 1479 2892 subsellio
1501 2854 1509 2890 a
1536 2851 1652 2907 cumque
1673 2836 1701 2893 in
1714 2852 1749 2895 eo

112 2935 295 2992 hirtiehriatus
315 2933 448 2988 uorrrinari
467 2932 550 3003 520
564 2931 654 2995 debet,
671 2939 699 2985 et
713 2937 833 2983 mortuus
853 2933 906 2991 est,
941 2926 1096 2997 0praudiurn
1107 2927 1259 2996 elongatum
1278 2923 1375 2981 luisset
1392 2927 1491 2996 spatio,
1506 2935 1536 2981 ut
1548 2943 1601 2982 isox
1617 2928 1747 2984 mundam

114 3028 284 3097 disposique
296 3036 359 3080 rum
373 3039 467 3078 rrrrrnos
478 3024 524 3092 qui
538 3037 599 3077 cum
611 3036 643 3076 eo
658 3029 746 3076 erant.
761 3018 841 3073 llaria
857 3031 906 3071 au·
957 3017 1092 3081 obrueret,
1107 3016 1197 3071 ablata
1211 3030 1305 3101 mansa
1322 3013 1350 3082 ¹,
1365 3017 1434 3071 sicru
1446 3031 1505 3072 mos
1516 3017 1680 3073 Francorum
1695 3025 1747 3086 est,

115 3127 166 3173 teu
187 3117 243 3182 illa,
258 3114 397 3184 suppliciis
411 3113 522 3179 dedita,
543 3110 832 3189 omnia-phantasmata
846 3107 905 3176 ejus
960 3109 997 3165 illi
1010 3109 1038 3163 in
1053 3108 1183 3164 subsellia
1204 3122 1254 3163 sua
1268 3108 1339 3163 sicut
1361 3108 1440 3164 locati
1451 3108 1569 3172 firmant,
1583 3110 1748 3166 residelsm.

114 3222 144 3262 ac
156 3190 305 3279 pristigias
320 3205 471 3274 publicarit.
488 3202 553 3258 Naro
569 3201 689 3257 tornines
701 3200 739 3256 illi
750 3213 818 3270 qnos
828 3197 862 3254 od
874 3212 904 3253 se
919 3195 941 3258 C
957 3201 1105 3271 Potatoque
1122 3200 1186 3255 rino
1199 3200 1296 3264 multo,
1312 3199 1341 3253 io
1356 3207 1459 3254 tantam
1480 3201 1611 3269 crapulati
1625 3208 1699 3268 suat,
1719 3211 1749 3259 ot

114 3296 276 3354 credendum
304 3294 436 3350 diabolica
469 3293 699 3349 circumventione
728 3293 904 3354 turbaverat,
959 3292 1137 3361 puerieorum
1150 3289 1594 3360 madelactiperaogulosdomus,
1616 3291 1660 3346 ubl
1675 3292 1749 3363 quia·

115 3402 250 3458 utinquam
270 3385 303 3440 ad
328 3399 438 3441 sensum
462 3385 595 3455 integrum
620 3393 683 3438 suot
704 3381 838 3453 regressi,
858 3380 906 3437 sed
957 3400 1009 3454 qne
1023 3391 1171 3448 corruerat,
1186 3380 1380 3439 obdormirent.
1395 3382 1596 3439 'luucordlnati
1609 3397 1623 3438 a
1636 3383 1750 3442 milliens

117 3479 188 3533 horre
204 3491 312 3545 seraper
327 3475 404 3544 quasi
426 3471 579 3538 Clrristnm,
607 3471 716 3527 llariam
732 3482 818 3525 autern
834 3471 906 3525 illam
958 3477 1008 3532 oiri
1023 3492 1083 3530 euris
1101 3476 1185 3531 nibus
1199 3475 1349 3543 securibus,
1362 3490 1376 3529 a
1392 3483 1467 3546 tergo
1482 3475 1578 3532 herum
1591 3476 1671 3532 trium
1684 3477 1750 3533 asti·

116 3577 219 3636 partem
244 3564 353 3620 deitatis
373 3563 473 3618 haltere
499 3562 703 3632 prolltebastur.
725 3561 777 3615 Sed
807 3569 835 3615 et
859 3575 907 3630 per
958 3573 1057 3624 terunt.
1072 3563 1178 3634 illisque
1190 3563 1416 3634 colloquentibus,
1440 3564 1466 3620 la
1491 3578 1557 3631 ιιι,
1581 3574 1610 3620 ιι
1625 3565 1662 3621 in
1672 3564 1750 3622 diea-

114 3668 184 3714 totas
199 3656 300 3712 Gallias
317 3663 486 3710 emerserunt
500 3653 630 3723 plerique,
656 3653 700 3723 qui
720 3666 769 3721 per
779 3649 828 3707 laaa
838 3665 907 3720 pras-
959 3673 1028 3722 nino,
1055 3661 1158 3712 assultu
1177 3671 1322 3727 puerorum
1337 3671 1433 3713 manus
1459 3658 1572 3725 librate,
1596 3657 1750 3719 hominihus

118 3751 212 3820 stigias
235 3746 412 3817 adjorrgentes
430 3743 480 3800 sibi
496 3745 667 3802 mulierculas
679 3744 821 3812 quasdam,
847 3757 907 3813 que
958 3749 1101 3818 perculsis,
1116 3747 1151 3801 ab
1168 3749 1252 3819 epulo
1265 3758 1307 3804 est
1328 3748 1488 3805 discessum.
1512 3748 1627 3805 Nomina
1644 3765 1751 3822 quoque

116 3839 315 3897 debacchantes
337 3844 447 3893 sanctos
460 3850 507 3892 eos
526 3837 726 3902 coniterentur,
743 3849 854 3906 nragrros
875 3849 906 3891 se
957 3843 1087 3907 uirorum,
1099 3840 1286 3907 chariualdus,
1301 3841 1586 3914 beodoualdus,atque
1598 3843 1750 3903 waldinus.

115 3930 142 3987 in
155 3930 264 4000 populis
279 3927 479 3999 proterebant:
496 3941 530 3981 ex
543 3926 852 3998 quibusnosplerosquo
870 3927 908 3980 ri·
958 3933 1033 3999 Quod
1058 3948 1119 3987 enm
1143 3934 1300 4001 parentibus
1327 3935 1459 4003 perlatum
1479 3932 1584 4000 luisset.
1612 3936 1751 3993 cobortes

115 4023 216 4088 boos,
240 4034 308 4093 quoa
333 4019 508 4091 obJurgautes
533 4032 662 4074 revocare
683 4018 717 4072 ab
739 4032 831 4073 errore
855 4018 906 4074 uisi
958 4024 1057 4078 sororios
1074 4022 1277 4093 brodegundem
1292 4035 1448 4092 coeperunt,
1471 4026 1619 4095 dirigentes
1638 4028 1749 4084 nuutios
1808 4079 1819 4100 ,

114 4128 217 4170 smnus
957 4114 990 4168 ad
1003 4113 1203 4169 childebertum
1217 4128 1320 4183 regem,
1336 4124 1364 4169 ut
1377 4115 1571 4184 cornprohensa
1581 4117 1749 4174 luterdoero·

149 4261 163 4290 ⁸
184 4249 382 4308 llirerideoter
395 4250 459 4302 rrrbs
475 4246 581 4303 vellana
604 4245 638 4301 ab
651 4245 747 4302 Anicio
761 4247 906 4318 distingui-
1169 4260 1315 4301 consueras

113 4335 168 4378 tur.
186 4323 309 4378 duriciam
332 4319 403 4391 quod
427 4318 505 4372 hodie
529 4319 646 4387 episcopi
662 4317 739 4373 sedes
754 4329 805 4384 est,
827 4323 906 4388 uulgo
1167 4331 1301 4371 assrarm.
1313 4333 1340 4373 r.

113 4394 240 4456 l‘odium,
255 4394 279 4446 ls
294 4390 362 4460 Pap,
386 4390 536 4456 appellatur
558 4403 573 4442 a
588 4389 653 4441 situ.
676 4389 787 4443 Pedium
806 4390 906 4458 quippe
991 4386 1005 4425 b
1025 4386 1148 4441 Aurelius
1159 4391 1195 4440 uti
1206 4400 1313 4442 sanctum
1328 4387 1424 4443 colitur
1443 4390 1512 4454 apud
1527 4389 1683 4448 romenses

114 4483 149 4517 ιιι
166 4480 230 4534 pop,
242 4477 291 4515 seu
304 4459 371 4525 Pon,
386 4469 433 4512 aut
447 4459 472 4511 lo
484 4458 574 4528 poecis,
589 4473 639 4512 non
652 4458 903 4529 solnmaotiqnitus,
993 4469 1004 4497 ι
1026 4457 1082 4511 lluc
1104 4471 1164 4525 cap.
1186 4467 1282 4528 etseq.
1299 4459 1397 4514 desunt
1410 4461 1435 4514 in
1448 4460 1506 4515 Vat.
1516 4472 1543 4516 et
1555 4461 1632 4518 colb.
1646 4476 1673 4517 a.
1690 4460 1741 4520 ra·

111 4535 162 4590 sod
177 4535 258 4587 eriam
278 4546 347 4585 niune
361 4532 387 4584 io
402 4529 456 4583 illis
471 4527 622 4596 regiorrihus
637 4536 754 4582 rnrirrtem
768 4528 900 4599 designor.
918 4566 942 4624 ὓ
957 4527 1082 4583 rnrrrodos
1094 4528 1137 4596 qui
1151 4526 1266 4582 liusebio
1277 4529 1364 4584 locum
1378 4529 1470 4595 cessit,
1488 4541 1547 4598 post
1557 4528 1676 4603 ejusdem
1686 4533 1745 4589 obi·

111 4603 234 4659 Celebris
246 4611 288 4656 est
302 4602 346 4655 ille
358 4603 431 4654 locris
446 4603 480 4652 ob
492 4598 633 4653 eeclesiam
649 4599 841 4660 cathedralem.
857 4600 902 4653 si·
955 4609 1010 4652 ιιιιιι
1026 4597 1111 4650 lactus
1123 4607 1164 4651 est
1175 4597 1233 4666 ejus
1246 4611 1432 4666 successor,ut
1442 4618 1474 4656 ea
1489 4602 1603 4675 vulgatis
1614 4603 1745 4674 catalogis

114 4684 169 4728 tam
186 4672 294 4728 inedito
307 4680 408 4733 moute,
425 4670 509 4723 beate
523 4668 611 4722 llariae
623 4683 738 4732 sacram,
756 4671 833 4738 cujus
855 4686 906 4733 aut
954 4668 1091 4723 discimus.

111 4738 902 4876 libabitihbitl‘'ittlitthlthibiibi
955 4737 1402 4864 ...lll.tilit‘h.⁰³¹t⁰‘⁰⁵2
1416 4752 1468 4795 ⁶¹⁰·
1488 4744 1533 4796 ⁰¹¹³
1548 4741 1745 4799 ⁵¹¹¹'²‘⁰¹¹²“i⁸·

113 4830 181 4868 imm
220 4830 226 4866 Ι
439 4849 447 4873 ‚
704 4829 710 4856 1
889 4838 901 4850 ·
1147 4827 1182 4861 Sl
1261 4848 1268 4861 .

112 4885 187 4955 legio
198 4881 325 4937 donatus.
344 4880 382 4934 lle
395 4883 511 4949 antiquae
535 4876 610 4932 urbis
631 4824 903 4934 bellamgasitupdiee·
992 4877 1095 4931 ⁰Colb.
1109 4892 1158 4944 m.,
1171 4824 1233 4932 bpad.
1248 4889 1276 4932 et
1288 4878 1379 4942 dhes,
1389 4880 1437 4946 al,
1454 4879 1617 4936 Eustochiae.
1628 4884 1672 4940 sie
1682 4898 1747 4954 qno.

112 4968 175 5008 mus
188 4954 215 5007 in
227 4949 393 5022 Appetrrlice.
956 4963 1009 5017 que
1022 4947 1120 5001 ‹tetrnr
1140 4950 1165 5002 in
1191 4949 1352 5015 patriarchio
1377 4949 1545 5016 bituricensi,
1556 4964 1617 5020 cap.
1632 4954 1680 5019 28,
1699 4955 1745 5010 ubl

153 5024 297 5092 Antiquam
320 5020 485 5073 bellatorum
509 5018 629 5084 urbem,
652 5033 684 5072 ex
704 5035 755 5088 qua
770 5019 904 5088 hodieque
956 5021 1037 5072 sancti
1052 5018 1129 5070 titulo
1141 5017 1266 5072 donatur.
1285 5019 1367 5072 Porro
1384 5019 1518 5088 Sulpicius
1537 5021 1595 5089 eius
1607 5023 1748 5092 decessor,

114 5096 194 5164 regio
207 5107 305 5147 uorrreu
328 5089 406 5159 Vetop
421 5093 527 5154 retinet,
549 5103 563 5140 a
580 5090 713 5144 riorruullis
728 5090 904 5145 Revorsionem
959 5090 1002 5142 hie
1016 5100 1191 5151 memoratus,
1205 5087 1586 5156 Seueroreogoomtnmosest,
1601 5104 1630 5149 ut
1641 5095 1747 5152 abalie-

113 5165 230 5229 dletam,
251 5162 288 5218 ilsi
299 5163 378 5215 simtu
390 5160 470 5214 luisse
486 5159 529 5212 ubi
543 5159 621 5212 hodie
635 5160 728 5214 visitur
738 5162 767 5216 S.
784 5160 904 5215 Pauliani
960 5175 989 5211 ro
1002 5158 1120 5222 Sulpicio
1134 5159 1259 5224 episcopo
1275 5158 1444 5219 bituricensi,
1454 5163 1498 5228 qui
1518 5162 1581 5215 Pisis
1596 5171 1747 5233 appellator

113 5235 245 5301 oppidum
269 5232 362 5286 multis
386 5229 550 5298 argurueutis
570 5229 664 5294 prebat
685 5231 855 5285 llabtllonius
877 5233 904 5283 iu
958 5242 1016 5288 esi,
1042 5227 1258 5296 distingueretur.
1287 5229 1378 5282 Seueri
1406 5230 1501 5285 lestoru
1526 5234 1570 5288 die
1593 5250 1619 5287 rr
1635 5235 1747 5292 limene.

113 5305 266 5371 appendice
281 5302 313 5354 ad
330 5308 455 5368 partensi
474 5314 538 5352 ιιι.
564 5313 589 5351 ιι
606 5305 665 5352 het.
677 5301 724 5356 SS.
740 5301 804 5354 brd.
821 5302 907 5354 Bene·
961 5296 1096 5353 Februarii
1123 5296 1230 5350 colitur.
1245 5296 1374 5364 Sopolim
1385 5297 1474 5354 luerat
1487 5305 1513 5355 ln
1530 5305 1646 5360 ecclesis
1659 5307 1748 5362 sasrctl

113 5376 222 5437 desini,
236 5388 296 5442 pag.
307 5371 369 5434 758,
382 5370 426 5424 ubi
439 5378 467 5424 et
481 5370 583 5438 aliquot
597 5369 784 5438 inscriptiones
798 5371 867 5424 hauc
880 5371 906 5424 iu
958 5367 1065 5428 loliani,
1091 5366 1162 5420 unde
1187 5365 1220 5418 ad
1249 5377 1370 5422 sanetum
1396 5370 1681 5429 Ursinusntranslatus
1694 5389 1749 5441 est,

112 5458 175 5498 re·
191 5445 303 5513 prolert.
327 5440 367 5496 ba
384 5443 427 5494 his
438 5440 542 5494 urrieam
560 5439 611 5494 huc
625 5443 744 5507 prolerre
762 5444 827 5495 satis
851 5441 907 5504 sit,
959 5438 1005 5492 nbi
1017 5437 1096 5491 hodie
1108 5436 1233 5507 quiescit.
1245 5437 1296 5505 lpsi
1308 5442 1752 5509 nrrrroupatnscirouralerturliber

110 5525 223 5571 emtam
236 5516 263 5570 iu
277 5513 387 5582 arruqoa
401 5511 443 5565 ria
456 5525 516 5579 quae
529 5525 562 5566 ea
576 5511 623 5566 illo
633 5512 733 5580 oppido
747 5510 907 5582 Gorgobiaur
961 5509 995 5561 de
1012 5515 1115 5576 septem
1140 5507 1351 5573 dormientibus,
1364 5510 1494 5581 Gregorio
1508 5520 1602 5567 umbo
1625 5513 1752 5571 nitatur.

111 5585 202 5640 ducit.
962 5576 1029 5630 Vide
1053 5592 1133 5648 supra
1161 5576 1209 5632 tib.
1234 5593 1271 5645 rt,
1296 5594 1357 5650 cap.
1373 5580 1425 5649 db,
1441 5591 1468 5638 et
1482 5582 1553 5637 diem
1569 5578 1610 5642 29
1633 5582 1755 5644 anull

335 5664 410 5706 cass.
425 5664 547 5709 astrum
963 5645 1140 5702 bollandiani.

334 5736 440 5775 ιιιιιιτ.
461 5735 517 5779 stas
999 5712 1125 5782 leudo..
1140 5716 1216 5773 illem
1230 5733 1324 5774 mento.

336 5807 378 5842 ιι,
394 5805 498 5849 nosses.
514 5811 663 5858 vgqqsm.
