3736 6248
112 280 151 343 bb
884 273 1092 337 Pamisum.

114 404 189 465 liber
201 402 236 461 ds
252 404 312 460 aiio
324 402 414 458 sancti
428 398 582 467 Quintiani,
594 394 645 456 lib.
660 407 692 468 rr,
707 396 799 470 capite
823 397 867 458 36.
891 399 1070 473 bliisAstet,
1092 402 1200 462 frustra
1213 404 1250 462 de
1264 401 1327 476 ejas
1347 408 1464 463 auctore
1484 399 1639 475 inquiritur

116 492 149 555 in
167 494 239 553 locis
263 495 402 551 memorat
424 504 442 547 a
466 504 497 548 se
523 488 699 562 conscriptos
713 487 814 558 libros,
844 489 880 548 de
904 488 968 549 Vita
1009 498 1141 551 veterum
1181 491 1330 563 laudavit,
1364 508 1417 551 nec
1457 491 1538 552 ullus
1570 504 1639 549 reeer

117 590 222 645 sanctae
248 578 450 655 monegundis,
476 576 512 635 de
538 575 604 634 Vita
631 575 722 635 sancti
747 575 860 647 Nicetii,
876 578 968 637 sancti
1009 596 1149 656 unquam.
1173 582 1212 641 lle
1231 583 1397 656 Antiphone
1411 583 1523 642 veroin
1542 580 1639 639 bonon

117 671 239 741 Friardi,
253 668 345 727 sancti
373 667 520 740 Galuppae,
534 664 625 723 sancti
654 664 777 738 Senocb,
794 668 886 726 saneti
914 667 968 726 Pa·
1009 670 1102 742 dardi,
1125 687 1215 747 quam
1235 672 1290 731 sub
1307 672 1437 745 Gregorii
1458 671 1548 730 nostri
1565 670 1639 729 nomi

119 759 210 832 trocli,
226 774 300 834 quos
323 756 443 816 Vossius
462 761 490 814 et
513 754 564 813 alii
591 753 760 829 singillatim
787 755 820 813 in
841 756 969 831 catalogo
1010 760 1081 830 rius,
1096 761 1148 819 vix
1171 762 1330 837 quidquam
1351 761 1420 821 certi
1440 760 1498 819 dici
1512 767 1639 834 potest,e

115 846 247 921 Gregorii
262 860 382 919 operum
395 848 554 913 recensent,
566 842 700 917 quamvis
711 850 823 927 certum
840 844 878 902 sit
896 845 969 904 alios
1009 848 1085 921 beat,
1107 850 1186 910 unde
1204 852 1267 924 ejus
1282 860 1382 911 auctor
1403 852 1496 909 valeat
1514 850 1639 925 dignosci

115 954 174 998 non
189 954 251 997 esse
263 937 300 995 ab
319 936 379 995 illis
392 935 460 995 libri
483 935 557 994 Vitae
581 934 697 993 Patruru
722 934 873 1010 capitibus,
901 952 969 1009 quae
1009 940 1123 998 veritati
1138 940 1288 1000 dissonum
1302 940 1511 1015 complectitur,
1527 943 1550 1001 si
1566 942 1594 999 id
1611 956 1639 1015 qr

115 1030 172 1090 sub
188 1028 310 1088 istorum
326 1032 490 1086 sanctorum
508 1025 577 1083 vitae
590 1024 685 1084 titulis
698 1025 774 1083 edita
788 1031 865 1083 suut.
881 1025 917 1083 Et
932 1026 967 1083 de
1009 1044 1075 1087 rum
1093 1029 1221 1088 Medardi
1249 1037 1277 1090 et
1299 1030 1427 1091 Gildardi
1453 1031 1533 1091 obitu
1558 1032 1639 1090 reiert

116 1119 164 1179 bis
186 1118 279 1185 nulla,
303 1117 381 1192 quod
407 1116 524 1191 quidem
549 1115 646 1181 sciam,
670 1122 763 1173 exstat
785 1115 861 1173 inter
891 1115 968 1174 viros
1009 1132 1068 1175 non
1090 1133 1158 1177 uero
1183 1119 1284 1179 eodem
1302 1135 1380 1179 anuo
1402 1120 1515 1180 dicatur
1537 1121 1639 1196 contigi

118 1208 246 1269 eruditos
265 1206 469 1267 controversia.
487 1206 589 1266 Utrum
612 1221 680 1264 vero
702 1204 792 1265 libelli
808 1205 856 1263 isti
875 1205 968 1279 reipsa
1010 1207 1070 1266 loeo
1084 1210 1270 1282 proferemus

115 1312 134 1356 a
157 1297 231 1356 Vitis
254 1297 371 1355 Petrum
388 1294 555 1354 secernendi
571 1293 638 1363 siut,
660 1302 693 1353 ut
714 1294 898 1369 Margariuus
920 1294 969 1353 lli-
1047 1296 1092 1355 76.
1112 1297 1190 1356 Inter
1204 1300 1262 1358 alia
1280 1301 1437 1362 innumera
1459 1302 1588 1370 Patrum,
1612 1300 1640 1360 al

117 1385 216 1461 gaius,
226 1383 411 1443 colonienses
425 1382 559 1442 Doctores
575 1386 604 1441 et
616 1382 667 1441 alii
677 1382 707 1439 in
722 1383 783 1441 suis
792 1381 970 1441 editionibus
1012 1392 1105 1445 terum
1127 1390 1301 1464 scriptorum
1321 1393 1469 1468 opuscula,
1494 1407 1561 1465 quaa
1583 1390 1613 1447 iu

118 1475 222 1545 iecere,
237 1488 341 1549 parum
358 1472 485 1531 interest.
503 1470 589 1542 Sane,
604 1478 637 1532 ut
650 1472 768 1548 quidem
781 1471 884 1542 sentio,
898 1471 969 1530 Gre·
1012 1493 1079 1536 cum
1095 1482 1359 1556 manuscriptorum
1374 1484 1486 1557 Angliae
1502 1480 1640 1541 laudanlu

119 1562 219 1638 gorius
233 1562 362 1636 primurn
376 1561 662 1634 aliquotsanctorum
678 1559 840 1620 saeculiseu
853 1559 969 1618 Patrum
1012 1576 1109 1627 monet
1133 1570 1287 1643 erengus,
1309 1577 1430 1632 Libetius
1451 1576 1484 1630 g,
1504 1577 1632 1647 passim

119 1650 195 1711 Vitis
224 1652 255 1709 1¹¹
282 1666 376 1710 unum
404 1649 514 1710 librum
541 1650 655 1710 Videtur
681 1648 853 1724 0⁰¹le85850·
882 1664 969 1723 quem
1011 1660 1092 1731 gorio
1104 1659 1270 1721 Turonensi
1280 1663 1418 1723 tributus.
1431 1662 1485 1722 Sed
1500 1664 1579 1722 hunc
1589 1660 1639 1720 libr

118 1740 266 1815 inscripsit
280 1741 315 1799 de
330 1739 395 1799 Vita
409 1741 601 1817 quorumdam
618 1744 809 1799 deliciosorum
831 1746 881 1799 aut
896 1742 971 1798 ileli-
982 1748 1103 1830 Bagra
1123 1750 1211 1805 Pitoti
1232 1749 1471 1824 distinguendum
1491 1764 1550 1807 „011
1576 1764 1638 1806 esse

120 1833 276 1904 giosorum;
299 1836 395 1904 postea
419 1847 488 1891 vero
511 1847 577 1890 curu
591 1838 619 1891 et
632 1831 756 1891 aliorum
770 1847 886 1906 quoque
905 1846 972 1889 san-
1014 1834 1168 1902 Freberus,
1188 1836 1285 1896 etalii
1305 1837 1361 1896 viri
1376 1837 1493 1896 eruditi.
1508 1835 1620 1906 Quibus

119 1925 233 1980 ciorum
244 1926 322 1995 gesta
335 1920 529 1994 comperisset,
545 1922 581 1980 de
595 1922 632 1980 iis
651 1921 763 1980 libellos
775 1920 894 1980 seorsim
910 1917 970 1977 edi·
1013 1923 1121 1997 bimus,
1139 1925 1209 1984 dum
1223 1925 1331 2001 aliquis
1345 1926 1393 1986 vel
1405 1942 1443 1984 ex
1457 1926 1519 2001 ipso
1533 1924 1629 1983 codice

120 2010 172 2082 dit,
187 2026 260 2085 quos
280 2018 377 2086 postea
392 2012 438 2070 vel
450 2012 521 2086 ipse,
548 2012 595 2072 rel
615 2012 667 2071 alii
681 2010 793 2071 caeteris
812 2010 973 2084 adjunxere
1015 2028 1052 2070 ex
1066 2012 1165 2087 aliquo
1177 2013 1235 2073 alio
1250 2013 1340 2073 simili
1365 2029 1418 2073 uos
1432 2013 1543 2087 aliquid
1567 2011 1636 2071 certi

119 2100 174 2160 sub
197 2100 283 2160 unico
306 2100 381 2160 Vitae
398 2102 514 2160 Patrum
541 2100 634 2160 titulo.
661 2100 741 2160 Certe
768 2101 799 2160 in
827 2099 974 2159 codicibus
1014 2102 1132 2176 quidem
1155 2120 1256 2163 ansam
1279 2105 1324 2163 illi
1347 2105 1489 2178 scriptori,
1514 2100 1639 2177 quisquis

121 2192 236 2267 scriptis
251 2208 324 2266 quos
338 2192 436 2251 videre
451 2192 543 2262 licuit,
558 2207 660 2251 omnes
673 2191 793 2250 omnino
807 2190 867 2248 illae
885 2188 970 2259 Vitas,
1013 2190 1123 2250 librum
1139 2190 1276 2266 Gregorio
1291 2193 1438 2253 tribuendi
1453 2192 1580 2267 praebere
1595 2194 1639 2264 pot

119 2279 149 2339 id
168 2286 211 2339 est
228 2280 331 2354 viginti
350 2281 555 2355 capita,sin1ul
577 2282 632 2341 sub
655 2297 714 2340 uuo
731 2286 760 2340 et
780 2282 879 2339 eodem
902 2282 973 2337 Vita
1013 2278 1233 2338 bri1Historim
1249 2280 1437 2353 Francorum,
1457 2279 1559 2352 eapitis
1574 2278 1639 2348 2ss

119 2376 234 2432 Petrum
259 2370 342 2431 titulo
363 2372 518 2441 balrentur;
546 2386 633 2445 quem
661 2371 779 2429 titulum
798 2375 907 2428 certum
930 2374 973 2426 cst
1014 2376 1103 2426 aretem
1118 2372 1199 2427 Gesta
1212 2372 1250 2426 od
1264 2374 1401 2428 Tiberium
1419 2374 1548 2429 Gaesarem
1565 2370 1639 2425 mitti

120 2475 175 2522 suo
199 2460 284 2533 libre,
306 2460 377 2519 alias
399 2464 588 2517 Felieiosorurn
622 2464 693 2518 Vite
715 2458 865 2534 appellato,
896 2473 973 2530 prae·
1014 2460 1164 2515 uirtutibus
1179 2462 1290 2526 Christi,
1308 2479 1390 2532 quom
1412 2462 1445 2516 de
1464 2462 1593 2532 passione
1611 2475 1639 2515 as

119 2547 231 2609 fixisse.
247 2548 337 2623 Major
356 2555 430 2608 esset
454 2548 529 2608 circa
542 2552 631 2605 sancii
644 2550 753 2607 Nicoloi
768 2549 870 2611 Vitem,
885 2560 974 2618 quain
1015 2551 1073 2620 ejas
1100 2553 1235 2610 insinuat.
1252 2553 1316 2620 Qua
1340 2558 1416 2622 gesto
1440 2554 1515 2624 opud
1537 2568 1585 2607 nos
1611 2552 1639 2607 lai

120 2636 336 2697 Sammartbaui
347 2637 379 2696 iu
391 2636 483 2696 Gallia
496 2636 658 2695 Christiana
671 2634 798 2707 laudant,
808 2634 973 2706 difficultas,
1013 2644 1128 2714 scripio.
1145 2639 1201 2699 Sed
1213 2650 1292 2716 gesta
1307 2642 1357 2700 illa
1371 2643 1447 2716 apud
1466 2658 1496 2700 se
1509 2640 1625 2715 quidem

121 2728 179 2788 nisi
191 2736 265 2788 esset
278 2728 462 2788 librariorum
477 2729 650 2788 manifestus
663 2744 752 2799 error,
767 2735 816 2787 aut
832 2734 907 2785 certe
920 2742 973 2784 au·
1014 2728 1181 2802 Gregorius,
1199 2746 1256 2788 nou
1271 2738 1366 2789 autem
1381 2746 1398 2786 a
1422 2745 1452 2787 se
1476 2729 1538 2803 ipso
1559 2729 1639 2801 script

120 2822 234 2876 ctorum
257 2816 388 2891 ipsorum
408 2817 557 2877 memoriae
582 2816 690 2891 lapsus,
716 2815 768 2889 qui
794 2817 904 2875 Nicator·
925 2828 975 2888 pro
1017 2820 1148 2879 nondum
1163 2821 1240 2880 inter
1255 2822 1337 2881 illius
1353 2835 1439 2895 opera
1461 2821 1559 2881 locum
1572 2820 1639 2879 baba

121 2906 341 2966 Nicetiinomeu
355 2907 540 2967 invexerunt.
557 2906 672 2965 Etenim
684 2903 909 2975 Sammartbaui,
923 2902 975 2979 qui
1016 2909 1124 2968 habere
1138 2909 1252 2968 debent.

122 2995 178 3054 soli
191 2994 267 3055 inter
279 2995 409 3069 Gregorii
423 3012 510 3070 opera
530 2998 622 3055 saneti
645 2997 755 3056 Nicolai
773 2996 861 3055 vitam
876 3009 973 3054 recen·
1052 2992 1236 3052 ii.Libru1u
1255 2993 1290 3051 de
1312 2993 1461 3053 iliraculis
1475 2990 1566 3051 sancti
1580 2990 1639 3049 dui

122 3091 197 3157 sent,
216 3084 311 3147 Vossii
328 3087 424 3148 locum
444 3104 481 3147 ex
505 3088 626 3148 librode
643 3087 796 3148 Historicis
808 3086 908 3146 latinis
921 3103 975 3145 ex·
1016 3084 1089 3159 gorii
1104 3085 1284 3145 Turonensis
1297 3087 1414 3145 nomine
1429 3084 1599 3144 invenimus
1611 3083 1639 3141 in

121 3175 307 3250 scripserunt.
323 3180 361 3236 At
375 3178 495 3238 Vossius
509 3179 599 3239 vitam
615 3180 706 3238 sancti
722 3176 832 3237 Nicolai
848 3191 904 3235 non
921 3178 974 3235 ba·
1017 3173 1107 3232 tlrerae
1120 3182 1225 3232 nostres
1237 3174 1326 3232 sancti
1342 3173 1478 3233 Germani
1491 3189 1507 3231 a
1519 3170 1639 3241 Pretiae

122 3264 179 3336 bet,
194 3266 245 3326 sed
259 3267 362 3326 Nicetii
375 3284 465 3343 quam
480 3269 696 3329 sammarthani
719 3269 868 3327 omittunt.
1016 3266 1060 3319 ter
1073 3264 1217 3322 sexcentis
1229 3263 1334 3337 scripto
1349 3287 1355 3320 :
1375 3262 1426 3337 equi
1442 3262 1517 3320 liber
1530 3262 1557 3319 in
1575 3259 1640 3318 aliis

156 3356 200 3416 75.
216 3356 339 3417 Librum
364 3360 451 3418 etiam
475 3359 511 3418 de
535 3360 719 3419 Mirabilibus
736 3358 827 3418 saneti
848 3358 975 3417 bledardi
1016 3352 1100 3409 tibus
1116 3352 1248 3422 babetur,
1264 3352 1311 3410 sed
1327 3352 1435 3424 alisque
1449 3349 1581 3424 Gregorii
1593 3362 1639 3422 pra

122 3442 296 3517 inscriptum
319 3446 394 3504 inter
418 3446 548 3521 Gregorii
578 3447 669 3507 nostri
692 3463 778 3522 opera
805 3460 975 3505 recensuere
1016 3448 1111 3499 autem
1127 3442 1336 3513 praelationem,
1351 3442 1425 3499 sicut
1440 3438 1639 3512 ethrevamop

122 3532 240 3593 Barrius
254 3542 354 3595 auctor
364 3535 500 3596 Historiae
514 3538 686 3599 Christianos
700 3546 832 3598 veterum
843 3536 972 3608 Petrum,
1015 3528 1144 3603 Gregorii
1154 3531 1243 3587 letum
1253 3528 1388 3602 essestpli
1400 3534 1427 3586 et
1439 3526 1584 3584 scribendi
1597 3531 1639 3582 rat

121 3621 253 3695 Biguius,
269 3624 453 3684 bolonienses
474 3634 503 3685 et
528 3628 588 3699 alii,
615 3643 688 3704 quos
710 3634 828 3687 secutus
849 3632 891 3686 est
918 3625 973 3685 Ge·
1015 3619 1117 3676 Biblini
1130 3642 1135 3675 =
1149 3618 1201 3676 01⁵1
1216 3618 1303 3692 hujus
1318 3618 1383 3677 libii
1396 3615 1507 3675 ”Ullam
1520 3616 1548 3673 lss
1560 3629 1639 3688 ⁰llen

124 3714 228 3774 rardus
239 3714 366 3774 loannes
380 3716 500 3777 Vossius
514 3718 588 3778 libro
603 3733 624 3779 tt
648 3720 684 3778 de
695 3718 847 3779 Historicis
867 3716 972 3789 latinis,
1015 3707 1109 3782 talogi>
1123 3708 1220 3766 leterii
1234 3708 1422 3766 sslessliosst‘m
1439 3706 1538 3779 Neque
1551 3703 1581 3761 ld
1598 3701 1639 3761 ml

123 3800 214 3860 etalii
229 3801 374 3871 nonnulli,
388 3804 424 3862 ob
437 3805 697 3876 bunc,utiilointio
707 3807 832 3876 videtur,
843 3803 974 3878 Gregorii
1014 3797 1072 3866 bet,
1084 3795 1107 3855 si
1117 3796 1234 3870 quidem
1244 3812 1297 3855 nec
1307 3796 1414 3856 librum
1426 3791 1639 3854 ibirecensuitl

122 3888 219 3949 locum
243 3908 281 3950 ex
310 3892 383 3952 libro
407 3896 442 3954 de
463 3894 561 3955 Gloria
584 3896 800 3966 Goniessorum,
813 3894 905 3970 capite
927 3892 973 3965 95,
1016 3888 1119 3948 linaris
1138 3887 1261 3959 Sidonii,
1281 3888 1328 3946 cui
1350 3887 1422 3945 alias
1441 3902 1471 3944 se
1487 3883 1638 3960 praelation

123 3977 175 4038 ubi
192 3978 229 4038 de
244 3988 341 4041 sancto
356 3982 490 4043 bledardo
504 3985 544 4043 ait
564 3988 649 4044 :Post
662 3988 795 4059 scriptum
809 3986 842 4041 de
855 3987 973 4042 mirata·
1016 3985 1171 4048 memorat;
1188 3994 1240 4037 nec
1253 3979 1416 4052 passionem
1431 3983 1539 4050 septem
1549 3974 1636 4032 Dorm

124 4069 196 4125 libus
220 4072 280 4143 ejas
303 4074 403 4130 tibrum
432 4078 531 4132 molier
556 4078 690 4147 quedam,
716 4081 790 4145 etc.;
820 4090 908 4149 quem
937 4074 974 4133 li·
1017 4071 1158 4140 sinorum,
1174 4082 1293 4140 quame
1314 4066 1458 4126 Graecoin
1473 4065 1639 4124 Latinuma

122 4158 208 4220 brum
240 4162 278 4221 ob
304 4163 333 4221 id
359 4165 504 4241 praecipue
527 4166 663 4241 Gregorio
687 4166 863 4235 tribuerunt,
897 4165 975 4240 quod
1016 4162 1107 4220 fuisse
1122 4160 1241 4234 ipsemet
1254 4159 1323 4217 alibi
1340 4164 1468 4217 testatur.
1482 4154 1571 4213 Porro
1580 4167 1639 4228 prae

123 4249 199 4310 alius
210 4250 297 4311 fuerit
312 4253 349 4312 ab
363 4254 493 4328 ejusdem
506 4256 597 4315 sancti
611 4256 785 4330 Vita,quam
800 4254 976 4313 Fortunatus
1017 4257 1045 4309 et
1058 4250 1203 4323 epilogum
1216 4249 1245 4305 in
1259 4246 1397 4306 lliracula
1412 4244 1503 4302 sancti
1521 4244 1639 4302 Andreae

123 4342 247 4415 scripsit.
264 4342 335 4401 Haec
352 4346 431 4403 enim
449 4346 515 4405 Vita
536 4347 655 4405 nonnisi
678 4354 741 4421 post
763 4346 894 4420 Gregorii
912 4346 975 4404 obi-
1017 4338 1209 4413 capitulorum
1222 4338 1317 4395 indice
1329 4341 1357 4393 et
1369 4334 1479 4408 aliquot
1491 4331 1635 4406 capitibus

126 4435 187 4489 tum
203 4430 279 4491 edita
292 4440 344 4491 est.
361 4433 405 4492 lbi
418 4435 525 4511 quippe
537 4436 656 4495 lectores
669 4436 847 4495 Fortunatus
861 4434 1094 4511 invitaqnsunt,
1116 4444 1174 4487 non
1189 4434 1287 4487 autem
1303 4426 1412 4485 librum
1428 4425 1534 4499 ipsum,
1550 4420 1639 4497 quial

125 4525 159 4578 ut
172 4534 225 4593 pro
238 4519 438 4595 Tbeodeberti,
452 4524 557 4599 inquit,
572 4529 645 4596 regis
659 4527 757 4593 nostri,
779 4522 976 4582 incolumitate
1017 4522 1178 4596 apocrypha
1193 4519 1282 4594 bujus
1295 4517 1387 4576 sancti
1398 4516 1474 4587 Vita,
1487 4530 1554 4590 qum
1565 4512 1639 4589 vulg

125 4626 222 4688 preces
246 4613 419 4688 edundaut3
438 4618 489 4693 qui
503 4616 728 4686 Tbeodcbertus,
740 4632 800 4675 non
825 4614 882 4673 nisi
905 4613 976 4673 Gre·
1017 4608 1112 4669 lonico
1132 4607 1219 4666 tribui
1238 4605 1319 4665 solet.

123 4703 205 4777 gorio
216 4704 277 4778 jam
292 4703 438 4777 defuncto,
453 4707 527 4782 patri
543 4723 597 4767 suo
622 4706 805 4766 Gbildeberto
818 4704 846 4764 II
860 4719 976 4763 succes·
1054 4697 1098 4755 78·
1117 4695 1203 4756 Haud
1228 4695 1311 4769 plura
1329 4692 1423 4751 dicam
1448 4690 1483 4748 de
1500 4691 1634 4787 P³⁸⁵l⁰¹l⁰

126 4790 173 4850 sit.
189 4790 298 4852 Verum
311 4793 363 4854 etsi
382 4795 491 4854 librum
504 4794 541 4855 de
553 4803 650 4855 sancto
661 4794 822 4854 Medardoa
837 4793 975 4867 Gregorio
1018 4802 1106 4861 quam
1118 4785 1149 4843 in
1161 4780 1313 4843 nonnullis
1326 4779 1596 4851 codicibusscriptrs
1607 4792 1638 4836 an

127 4879 275 4943 laudatum
291 4885 438 4945 Fortunati
453 4887 544 4946 letum
564 4902 620 4946 non
641 4901 704 4944 esse
719 4885 883 4953 fateremur,
900 4883 976 4943 baud
1018 4877 1070 4953 qui
1094 4875 1130 4935 de
1153 4874 1282 4950 ejusdem
1303 4871 1394 4930 sancti
1416 4869 1598 4928 Miraculisa
1622 4882 1639 4925 a

125 4977 221 5032 umen
236 4973 304 5033 iude
317 4975 550 5036 concludendum
565 4982 639 5037 esset
657 4992 724 5037 eum
738 4990 756 5033 a
768 4974 905 5047 Gregorio
916 4974 976 5033 edi-
1018 4969 1142 5042 scriptus
1166 4975 1217 5035 cst,
1238 4965 1386 5033 insertam,
1413 4961 1527 5034 abipso
1551 4957 1639 5033 Grego

128 5072 190 5125 tum
206 5066 303 5126 luisse.
321 5068 385 5128 Nou
407 5068 485 5128 enim
500 5069 529 5128 id
548 5070 670 5144 probant
685 5067 815 5142 Gregorii
831 5067 919 5126 rerba
932 5082 979 5126 su·
1019 5060 1131 5134 quovis,
1147 5058 1278 5116 divinare
1294 5071 1351 5113 nou
1362 5053 1436 5113 licel-
1450 5051 1545 5109 Erunt
1556 5050 1639 5107 bridi

127 5156 226 5229 perias
245 5154 344 5227 relata,
365 5173 432 5217 curn
458 5157 500 5217 ibi
513 5156 621 5219 librum
638 5157 756 5234 quidem
770 5155 878 5227 laudet,
899 5155 978 5213 seda
1020 5157 1078 5210 met
1093 5148 1257 5208 Passionem
1271 5143 1401 5218 Gregorii
1424 5142 1515 5238 letum
1530 5154 1591 5197 esse
1609 5152 1639 5213 pt

127 5261 158 5304 se
176 5245 317 5320 scriptum
338 5262 397 5306 uon
423 5248 499 5307 dicat
513 5267 520 5306 :
536 5249 615 5323 quod
638 5254 733 5305 tamen
763 5246 869 5321 passim
886 5245 978 5304 iacere
1020 5237 1075 5297 sibi
1088 5236 1171 5295 iarile
1187 5232 1362 5309 persuaserit
1374 5233 1450 5290 banc
1463 5244 1589 5305 primum
1613 5242 1632 5284 a

127 5336 210 5411 solet,
230 5354 297 5398 cum
312 5337 451 5413 opuscula
465 5354 519 5398 sua
536 5343 751 5399 commemorat.
768 5336 855 5396 Hunc
869 5334 978 5396 librum
1020 5335 1109 5404 piem.
1126 5335 1153 5386 et
1174 5326 1210 5385 ab
1233 5326 1284 5385 illo
1303 5325 1365 5399 ipso
1391 5320 1597 5382 miraculorum
1620 5332 1639 5416 n

126 5428 164 5487 ab
185 5429 247 5503 ipsa
267 5428 391 5489 muliere
407 5428 599 5503 compositum
617 5427 718 5495 luisse,
731 5442 798 5502 qum
819 5426 860 5486 ibi
882 5431 979 5484 sanata
1020 5418 1148 5488 missam,
1163 5432 1180 5474 a
1195 5414 1316 5491 posteris
1330 5428 1398 5473 vcro
1414 5412 1568 5470 detractam
1585 5406 1639 5508 lum

130 5519 272 5581 dicitura
294 5517 432 5590 Gregorio
447 5516 579 5577 Cointius
592 5516 748 5577 coartendii.
768 5519 807 5576 nt
818 5532 885 5577 cum
905 5515 980 5576 illud
1021 5510 1108 5571 trario
1121 5508 1214 5569 inulto
1228 5505 1414 5566 verisimilius
1435 5504 1472 5563 sit
1491 5496 1639 5560 cambiare

129 5627 212 5688 opus,
228 5611 253 5670 si
267 5609 448 5670 aFortunati
462 5607 538 5668 libro
552 5607 759 5682 distinguatur,
769 5621 914 5681 nusquam
930 5620 978 5664 ex·
1020 5604 1186 5680 adjunctam
1200 5602 1297 5672 luisse,
1313 5606 1344 5659 ut
1363 5597 1452 5657 simul
1467 5600 1625 5669 utrumque
