3736 6248
52 315 105 377 173
556 313 736 378 HISTORIA
755 315 995 377 rnnncotttlll.
1017 320 1130 381 LIBER
1149 321 1300 383 PRIMUS.
1750 332 1801 393 tlt

50 440 200 503 recensuit
215 463 222 501 :
243 439 322 514 quod
337 443 457 499 senatus
472 453 539 499 cum
554 439 597 499 ira
613 441 731 515 respuit,
748 448 796 507 20
811 457 861 516 pro
874 444 1043 505 eoAsulam
1061 446 1196 508 Patbmos
1218 450 1324 523 relegat
1339 450 1371 509 in
1386 450 1535 527 exsilium,
1550 459 1578 513 et
1592 454 1721 517 diuersas
1734 474 1799 519 cru-

50 532 203 609 guodnon
218 530 336 590 adeum
357 529 491 606 primitus
514 531 688 610 advenisset.
705 531 781 592 Iliuc
800 533 908 591 etenim
949 533 1079 595 ualitates
1094 538 1122 595 in
1140 538 1261 612 populos
1283 540 1380 613 agitat.
1398 540 1462 600 Post
1482 543 1566 617 eujus
1580 553 1713 618 mortem,
1728 548 1799 609 bea-

49 627 151 682 nontra
171 619 351 680 Christianos
366 618 460 695 prima
483 619 618 679 odiorum
637 619 768 694 germina
781 620 908 694 pullula·
949 630 996 683 tus
1010 624 1136 685 loannes
1156 630 1301 702 apostolus
1319 637 1348 688 et
1368 633 1544 705 evangelista
1566 635 1601 694 de
1624 638 1729 697 exsilio
1754 656 1800 700 re-

50 711 378 773 macrianensem
401 726 462 770 non
484 725 655 784 permanens
671 711 844 785 impunitus,
858 725 909 784 pro
949 712 1003 771 diit
1018 732 1024 772 :
1040 716 1091 788 qui
1115 730 1205 774 senex
1231 724 1258 777 et
1279 717 1383 792 plenus
1407 720 1532 790 diorum,
1555 725 1745 800 perfectaeque
1770 729 1801 789 in

51 819 117 863 sum
129 802 250 862 malitiae
264 802 381 874 scelere,
403 803 458 861 hoc
478 808 523 861 est
543 817 595 877 pro
617 817 687 861 nece
702 818 791 877 uuam
805 801 836 859 in
851 801 909 859 bo·
949 801 1041 861 Deum
1054 803 1132 875 vitm,
1146 805 1249 862 vivens
1273 822 1302 864 sc
1320 808 1453 881 deposuit
1466 809 1497 867 in
1517 811 1657 884 sepulcro.
1673 813 1728 873 llic
1743 816 1801 876 ier·
1814 804 1831 839 ⁸

51 893 172 955 minum
185 900 319 955 nostrum
334 893 435 953 Jesum
457 892 604 952 Christum
631 893 771 960 exercuit,
787 889 910 967 propriis
951 896 998 950 tur
1017 900 1027 920 ·
1045 908 1102 953 non
1125 900 1240 965 gustare
1264 903 1397 970 mortem,
1418 899 1510 959 donec
1534 901 1634 962 iterato
1661 904 1802 968 Dominus

52 1000 86 1045 ae
114 984 252 1044 monibus
277 983 457 1056 interimite,
487 999 574 1057 quem
600 983 795 1043 tluuicnaeum
820 980 910 1040 luisse
947 977 1132 1051 judicaturus
1152 981 1372 1056 adveniat‚ipso
1387 985 1417 1042 in
1433 986 1599 1062 Evangeliis
1613 990 1653 1048 ita
1666 990 1800 1055 dicente:

52 1074 142 1135 multi
163 1079 275 1150 putent,
294 1075 455 1135 secundum
469 1073 544 1134 illud
559 1073 635 1147 quod
648 1074 680 1133 in
695 1072 853 1147 Evangelio
868 1071 910 1129 lc·
951 1070 997 1126 Sic
1015 1086 1075 1125 cnm
1090 1074 1150 1127 eolo
1163 1088 1270 1129 nannete
1281 1076 1364 1131 dotare
1380 1080 1486 1134 eternam
1502 1080 1511 1115 ¹
1525 1082 1612 1151 (Joon.
1628 1095 1694 1156 xxi,
1709 1084 1765 1159 Pi).

52 1165 156 1241 gitur:
175 1170 312 1225 velamant
333 1168 447 1237 quiden
472 1168 506 1223 de
528 1168 665 1237 dealitate,
692 1168 849 1223 nuntiantes
874 1168 908 1228 et,
987 1163 1075 1222 XXV.
1101 1164 1216 1225 Tertius
1238 1172 1302 1240 post
1326 1168 1481 1241 Neronem,
1520 1177 1749 1248 persecutionem
1770 1179 1804 1239 in

54 1274 173 1330 quorum
190 1261 351 1328 sanquinem
365 1264 476 1317 miscuit
491 1263 600 1318 Pilatus
620 1276 680 1317 enm
703 1261 848 1330 sacrifieiis
870 1274 912 1313 eo·
951 1253 1133 1314 Christianos
1149 1256 1290 1331 Traianus
1313 1266 1432 1319 movet:
1453 1261 1507 1321 sub
1531 1280 1588 1338 quo
1613 1266 1714 1327 beatus
1738 1269 1804 1330 Cle·
1837 1270 1844 1279 ’

53 1348 207 1418 romane,
220 1358 285 1417 xm,
304 1347 338 1417 ι),
952 1356 1046 1413 mens,
1062 1342 1163 1403 tertius
1183 1344 1322 1405 Romnum
1342 1347 1477 1408 Ecclesiam
1497 1350 1648 1427 episcopas
1661 1365 1684 1426 ⁸,
1703 1373 1805 1432 passus

93 1433 143 1495 Sic
155 1440 184 1494 et
200 1435 330 1495 Herodes
345 1452 409 1508 rex,
425 1435 497 1496 dum
511 1435 543 1494 in
565 1436 708 1511 apostolos
728 1435 845 1496 Domini
861 1450 911 1495 see
952 1439 1009 1503 cst;
1030 1439 1058 1492 et
1076 1440 1192 1494 sanctus
1207 1435 1324 1496 Simeon
1344 1437 1628 1514 llierosolpmitanus
1641 1447 1802 1525 episcopus,

53 1525 109 1598 rit,
126 1542 280 1603 percussus
292 1527 481 1587 divinitusob
492 1534 570 1587 tauta
582 1530 698 1600 scelera,
713 1530 910 1588 intumescens
950 1522 1085 1597 Cleopbm
1097 1523 1186 1596 lilius,
1199 1541 1251 1599 pro
1269 1526 1376 1585 Christi
1395 1530 1513 1590 nomine
1527 1534 1685 1597 crucilixas
1700 1540 1806 1601 usseri-

54 1622 217 1677 eesmtuu
228 1616 389 1687 vermibus,
403 1621 519 1692 accepto
543 1620 636 1676 cultro
654 1624 688 1676 ut
711 1617 823 1678 malum
839 1633 910 1692 pur·
954 1614 1013 1680 illm
1045 1616 1073 1669 el
1098 1610 1227 1685 ignatius
1253 1614 1457 1675 Antiochensis
1484 1618 1652 1695 episcopus,
1680 1624 1805 1688 Romam

54 1713 150 1783 garet,
162 1706 287 1781 proprias
300 1708 331 1767 111
345 1723 375 1766 se
393 1723 498 1768 manus
510 1707 600 1767 ictum
614 1707 761 1768 librante,
953 1699 1059 1759 ductus
1078 1700 1176 1760 bestiis
1190 1703 1352 1778 deputatur.
1368 1704 1439 1764 Haec
1458 1707 1514 1767 suh
1530 1709 1647 1784 Traiani
1666 1716 1805 1791 tempori·

94 1792 200 1853 xxiv.
227 1795 335 1855 Beatus
362 1795 464 1855 Petrus
493 1797 640 1871 apostolus
664 1797 719 1857 sub
743 1787 1008 1880 imperatoressbus
1021 1793 1083 1846 scit
1098 1794 1176 1849 sunt.

56 1880 191 1956 Claudio,
220 1892 323 1958 quarto
357 1884 395 1943 ab
421 1885 566 1958 Augusto,
587 1885 710 1945 Romam
738 1885 913 1960 aggreditur,
990 1878 1093 1939 XXVI.
1121 1878 1188 1938 Post
1211 1880 1223 1909 ⁵
1245 1878 1326 1939 huuc
1351 1880 1446 1941 AElius
1475 1885 1623 1947 Adrianus
1651 1890 1807 1967 imperator

56 1968 163 2044 ibique
187 1969 358 2045 predicans,
376 1970 477 2031 multis
495 1971 654 2032 virtutibus
680 1973 915 2031 manifestissime
954 1977 1068 2031 creatus
1094 1974 1147 2030 est.
1177 1969 1259 2029 Unde
1285 1976 1314 2029 ct
1338 1972 1538 2050 hierosolyma
1562 1978 1638 2040 AElia
1663 1983 1700 2043 ab
1728 1984 1808 2049 AElio

58 2058 209 2119 Christum
223 2076 286 2121 esse
297 2061 350 2120 liei
364 2061 475 2121 Filium
487 2063 750 2138 comprobarithb
761 2062 821 2121 illis
836 2062 915 2121 enim
955 2060 1085 2119 Adriano
1098 2064 1227 2129 vocatur,
1243 2076 1406 2121 successore
1420 2062 1587 2141 Domitiani,
1602 2086 1635 2130 oo
1650 2073 1728 2148 quod
1743 2091 1809 2137 eam

57 2147 165 2209 diebus
179 2148 336 2211 Christiani
348 2154 423 2227 apud
441 2153 587 2213 civitatem
601 2154 764 2214 Romanam
779 2170 841 2214 osse
854 2171 915 2215 coe-
956 2150 1140 2227 reparaverit.
1156 2150 1222 2209 Post
1236 2151 1288 2209 bas
1306 2167 1374 2211 vero
1388 2154 1536 2227 passiones
1557 2164 1734 2233 sanctorum,
1749 2178 1810 2223 non

56 2243 177 2311 perant.
193 2238 266 2298 Cum
282 2246 381 2298 autmu
395 2256 502 2301 nomen
519 2241 625 2302 Christi
649 2258 699 2316 per
719 2242 841 2318 populos
856 2258 917 2301 ma·
958 2240 1014 2299 fuit
1024 2238 1175 2312 satisparti
1188 2240 1318 2317 adversm
1330 2250 1429 2315 gentes
1440 2241 1604 2303 incredulas
1616 2253 1716 2308 contra
1728 2248 1810 2311 Chri-

57 2327 106 2405 gis
125 2344 159 2387 ac
179 2329 272 2404 magis
287 2330 468 2397 dilataretur.
482 2333 575 2393 oritur
599 2339 698 2392 contra
721 2334 785 2393 benc
805 2331 919 2407 antiqui
959 2329 1073 2389 sticolas
1082 2328 1232 2402 excitasse,
1243 2330 1300 2388 nisi
1310 2340 1504 2393 commoveret
1513 2341 1541 2393 et
1552 2335 1584 2393 in
1594 2336 1667 2410 ipsis
1677 2338 1814 2401 Christia-

57 2418 204 2493 serpentis
228 2419 351 2493 invidia,
367 2429 395 2481 et
410 2421 476 2481 totis
494 2438 524 2481 se
546 2422 730 2497 imperatoris
752 2422 919 2498 praecordiis
959 2419 1007 2478 nis
1022 2419 1185 2479 schismata.
1203 2420 1334 2479 Concitet
1355 2421 1490 2496 haereses,
1511 2432 1540 2483 et
1556 2425 1651 2487 divisa
1669 2429 1740 2490 sides
1762 2449 1815 2493 ca·

59 2504 195 2566 immittit
208 2522 286 2567 smua
299 2507 475 2582 malignitas.
491 2508 565 2568 Num
583 2509 659 2570 Nero
675 2509 725 2569 ille
738 2509 918 2581 luxuriosus,
962 2506 1069 2566 tholica
1082 2507 1164 2566 aliter
1178 2507 1319 2582 aliterque
1337 2509 1499 2570 disseritur.
1516 2512 1589 2570 Nam
1603 2514 1656 2573 sub
1670 2518 1813 2581 Antonini

59 2612 160 2659 vanus
184 2606 273 2675 atque
298 2603 451 2677 superbus,
470 2602 603 2664 uirorum
624 2607 761 2678 succuba,
775 2610 804 2662 et
818 2619 919 2664 rursus
964 2603 1012 2663 22
1039 2598 1160 2673 imperio
1185 2598 1392 2659 Marcionitaua
1417 2607 1445 2660 et
1467 2602 1670 2664 Valentiniana
1696 2610 1816 2671 haeresie

60 2686 199 2749 virorum
215 2690 365 2764 appetitor,
383 2693 493 2764 matris,
511 2708 643 2753 sororum
662 2709 695 2752 ac
718 2693 920 2766 proximarum
963 2691 1066 2749 insana
1096 2690 1226 2750 surrexit
1249 2692 1255 2730 ³
1285 2715 1291 2749 :
1314 2698 1342 2750 ct
1364 2691 1497 2753 lustinus
1523 2694 1726 2773 Philosophus,
1752 2708 1816 2777 post

59 2792 250 2855 quarumque
262 2780 422 2842 mulierum
435 2784 640 2858 spurcissimus
650 2783 779 2854 violator,
793 2783 827 2841 ad
841 2797 920 2842 com·
965 2782 1085 2856 scriptos
1114 2783 1263 2842 catholicae
1295 2782 1431 2843 Ecclesia
1464 2786 1561 2858 libros,
1596 2790 1734 2864 martyrio
1764 2808 1817 2869 pro

58 2868 203 2957 piendam
222 2871 343 2932 malitias
357 2889 418 2933 sum
434 2874 551 2949 molem,
566 2876 680 2950 primus
692 2882 791 2935 contra
816 2874 922 2934 Christi
963 2869 1070 2929 Christi
1086 2872 1205 2933 nomine
1216 2878 1378 2931 coronatur.
1396 2872 1429 2931 ln
1444 2875 1513 2933 Asia
1526 2881 1633 2949 autem,
1648 2884 1711 2938 orta
1724 2896 1818 2955 perse

60 2962 180 3021 cultum
207 2964 438 3035 persecutionem
452 2967 558 3026 excitat
573 2967 605 3026 in
620 2967 777 3026 credentes.
793 2966 924 3025 Habebat
964 2963 1090 3033 cutione,
1103 2962 1289 3023 beatissimus
1308 2962 1494 3040 Polycarpus,
1508 2968 1630 3028 loannis
1649 2974 1770 3046 apostoli
1790 2980 1819 3035 et

61 3052 148 3111 enim
164 3068 263 3112 secum
280 3052 430 3116 Simonem
444 3055 572 3133 Magum,
584 3052 684 3120 uiium
698 3058 784 3118 totius
794 3057 922 3130 malitiae,
965 3051 1151 3127 euangelistae
1162 3052 1332 3126 discipulus,
1346 3053 1519 3127 octogesimo
1534 3058 1627 3116 aetatis
1647 3075 1708 3119 sum
1728 3076 1817 3137 auno,

62 3150 97 3202 et
119 3142 219 3202 omnis
245 3144 366 3220 magicae
389 3146 460 3205 artis
490 3148 672 3223 magistrum.
694 3148 756 3207 Hoc
781 3147 853 3207 eliso
875 3164 925 3223 per
966 3140 1046 3199 velut
1062 3140 1261 3198 holocaustum
1281 3138 1482 3211 durissimum,
1499 3157 1550 3215 litt
1571 3142 1669 3217 iguem
1694 3146 1819 3211 Domino

64 3230 214 3307 apostolos
230 3232 346 3293 bomini
363 3234 481 3296 Petrum
504 3247 590 3311 atque
613 3237 748 3309 Paulum,
767 3245 927 3296 commotus
967 3234 1157 3287 cousecratur.
1169 3226 1260 3284 Sedet
1270 3225 1409 3285 iuCnlliis
1421 3228 1504 3288 inulti
1518 3246 1568 3304 pro
1580 3233 1686 3294 Christi
1701 3240 1820 3300 nomine

22 3316 30 3327 '
65 3328 173 3381 contra
185 3336 244 3394 eos,
261 3323 339 3400 quod
364 3324 511 3384 Christum
533 3325 643 3385 Filium
665 3327 884 3401 praedicar-ente,
901 3332 928 3384 et
969 3320 1037 3378 snut
1061 3332 1112 3391 per
1132 3315 1306 3390 martyrium
1325 3317 1455 3408 ¹genimis
1482 3318 1646 3381 caelestibus
1668 3329 1819 3391 comnati:

67 3410 151 3471 idola
169 3410 287 3470 adorare
307 3417 534 3486 contemnerent,
550 3414 669 3473 Petrum
684 3429 781 3487 cruce,
800 3413 928 3474 Paulum
969 3420 1093 3481 quorum
1107 3404 1277 3478 passionum
1290 3404 1420 3465 historiae
1434 3408 1512 3481 apud
1528 3424 1581 3467 nos
1595 3410 1821 3494 lideliterustpue

66 3498 171 3575 gladio
184 3499 269 3574 jubet
282 3500 416 3561 interfici.
433 3501 497 3577 Ipse
509 3519 625 3580 quoque
641 3509 685 3569 21
709 3503 863 3563 excitatam
878 3518 928 3562 su·
968 3495 1055 3554 hodie
1068 3495 1252 3554 retinentur&

66 3604 126 3667 per
148 3606 182 3649 ae
201 3589 372 3652 seditionem
396 3594 499 3669 lugere
522 3601 646 3669 tentans,
670 3600 773 3670 quarto
796 3594 832 3653 ab
855 3594 928 3654 urbe
1005 3586 1122 3647 XXVII.
1141 3586 1185 3644 Ex
1195 3586 1304 3660 quibus
1317 3594 1344 3645 ct
1357 3587 1407 3647 ille
1421 3588 1533 3663 primus
1547 3591 1753 3667 Lugdunensis
1766 3596 1824 3659 Ec·

68 3680 174 3757 lapide
189 3682 305 3758 propria
317 3699 348 3743 se
360 3698 451 3742 manu
463 3684 617 3744 interfecit,
969 3676 1064 3735 elesiae
1083 3673 1227 3735 Photinus
1252 3676 1403 3750 episcopus
1427 3678 1492 3749 luit,
1510 3681 1561 3754 qui
1581 3682 1684 3756 plenus
1698 3684 1824 3761 dierum,

107 3768 196 3830 Tunc
207 3777 235 3830 et
247 3771 371 3833 lacobus
389 3774 476 3853 irater
489 3772 617 3845 Domini,
631 3776 660 3833 et
672 3771 786 3831 Marcus
803 3784 928 3841 evange·
970 3765 1093 3825 diversis
1106 3764 1225 3824 allectus
1250 3765 1410 3841 suppliciis,
1425 3782 1476 3840 pro
1490 3769 1596 3830 Cirristi
1619 3773 1738 3835 nomiae
1757 3790 1825 3851 pas·

64 3860 149 3933 lisia,
162 3876 216 3934 pro
233 3859 340 3921 Christi
355 3862 475 3923 nomine
497 3863 622 3939 glorioso
643 3862 782 3937 martyrio
801 3860 929 3920 coronati
970 3871 1021 3915 sus
1042 3860 1094 3912 est.
1110 3852 1299 3941 beatissimus
1315 3870 1382 3913 vero
1410 3854 1539 3917 Irenmus
1567 3859 1656 3935 nujus
1679 3878 1826 3925 successor

64 3956 151 4011 sunt
169 3949 286 4012 Primus
302 3958 399 4012 tamen
412 3954 547 4013 omnium
570 3954 646 4013 hauc
657 3953 736 4012 viam
757 3949 845 4011 levita
870 3948 930 4009 Ste
969 3943 1116 4018 martyris
1131 3943 1183 4016 qui
1201 3960 1218 4001 a
1233 3944 1316 4003 beato
1336 3944 1495 4020 Polp'eorpo
1509 3948 1544 4007 ad
1561 3949 1636 4008 banc
1659 3953 1763 4012 urbem
1776 3952 1825 4012 di·

65 4040 191 4117 phanus
208 4047 237 4100 ct
260 4048 371 4116 mann
385 4044 513 4103 intrarit.
528 4043 633 4117 Magna
653 4050 716 4118 post
740 4041 839 4102 Jacobi
859 4055 929 4115 opo·
969 4041 1064 4094 rectus
1077 4040 1127 4103 est,
1144 4033 1309 4093 admirabili
1333 4035 1440 4095 virtute
1460 4038 1583 4097 enituit:
1598 4042 1651 4115 qui
1669 4042 1699 4101 in
1718 4042 1825 4104 modici

65 4132 138 4194 geon
154 4148 255 4194 necem
273 4134 390 4197 Judaeog
404 4138 552 4197 &pampas
568 4142 767 4198 θεωρηθῇ,
783 4134 858 4194 Nam
876 4132 928 4191 ad·
970 4123 1105 4196 temporis
1118 4125 1220 4195 spatio,
1235 4124 1440 4198 praedieatione
1459 4141 1511 4185 sua
1526 4131 1655 4190 maxime
1668 4132 1698 4190 in
1713 4134 1826 4209 integro

66 4222 211 4283 veniente
225 4222 412 4298 Vespasiano,
439 4233 467 4285 et
490 4226 631 4302 templum
658 4225 811 4285 incensum
829 4228 882 4294 est,
902 4227 931 4280 et
971 4213 1116 4273 civitatem
1140 4212 1265 4271 reddidit
1284 4210 1490 4270 Christianam·
1507 4213 1563 4274 Sed
1579 4219 1714 4278 veniente
1726 4236 1825 4295 persa-

65 4320 212 4377 sexcenta
235 4314 327 4374 millia
348 4314 664 4388 ludaeorumeobelto‚
678 4314 799 4389 gladiod
813 4314 930 4372 etlame
971 4303 1097 4375 θϋῑὶθῐῑθ,
1112 4300 1179 4362 illia
1203 4300 1312 4359 ibidem
1332 4299 1465 4361 diabolus
1489 4302 1566 4363 bella
1594 4322 1645 4380 por
1667 4313 1826 4381 tyranuum

64 4406 175 4469 affecta
188 4411 267 4466 snut.
283 4404 467 4467 Domitianus
486 4413 584 4467 autem
600 4409 748 4467 secundus
762 4410 824 4481 post
839 4403 929 4462 Nero·
970 4395 1111 4468 exercuit,
1129 4401 1157 4452 et
1180 4397 1258 4452 nuta
1281 4391 1323 4450 ibi
1349 4391 1507 4453 multitudo
1532 4395 1763 4462 Christianorum
1789 4402 1847 4463 oh·

51 4510 143 4558 ,nem
156 4494 192 4555 iu
204 4492 384 4556 Christianos
397 4495 496 4569 sarim
513 4497 657 4556 loannem
668 4491 832 4568 apostolum
845 4471 963 4549 inin-D
972 4484 1183 4545 maleseiouem
1199 4480 1344 4541 Dominici
1369 4481 1500 4542 nominis
1516 4490 1559 4544 ost
1574 4485 1716 4563 iugulata,
1728 4496 1762 4551 ut
1775 4490 1828 4567 'per

102 4691 207 4759 apud
229 4690 358 4747 lteunam
380 4692 470 4748 delita
499 4692 596 4749 urbem
627 4691 776 4758 relegatus,
806 4690 838 4742 ut
861 4686 932 4741 serl-
972 4690 1149 4757 ltpheslorum
1179 4692 1338 4755 episcopus.
1364 4692 1411 4758 qul
1440 4690 1553 4745 loannis
1575 4691 1725 4757 discipulos
1747 4691 1826 4749 atde-

66 4766 114 4823 att
128 4766 188 4821 Ado
200 4764 364 4821 viennensis
377 4766 561 4821 ludhronteo.
972 4768 1023 4827 ret,
1045 4775 1107 4816 eum
1129 4762 1226 4827 Ephesi
1250 4763 1396 4828 sepultum,
1415 4765 1505 4828 ibique
1525 4764 1677 4817 extremam
1699 4774 1829 4817 resurre-

10 4866 12 4873 ·
101 4840 177 4893 »ste
194 4840 255 4895 eorl.
282 4840 395 4905 neem:
418 4839 466 4893 alll
489 4851 565 4900 vero,
590 4836 708 4904 proptia
722 4848 749 4889 aa
765 4847 863 4891 monus
874 4834 932 4889 totu
973 4837 1090 4891 ctionem
1122 4838 1328 4899 exspectantem
1366 4838 1460 4900 lacere
1490 4835 1605 4888 slbrmat
1636 4837 1664 4888 ln
1700 4838 1825 4901 epistota.

69 4902 216 4973 Mati.
232 4916 321 4979 Ceth..
343 4915 451 4970 retitur.
478 4915 516 4970 lle
539 4916 653 4971 Herodis
668 4915 793 4980 Agrippa
815 4913 934 4970 interitu,
974 4921 1056 4977 quum
1070 4908 1202 4961 ltuseblus
1216 4907 1301 4960 relert
1317 4905 1364 4958 lib.
1378 4920 1404 4972 r,
1421 4920 1479 4971 cap.
1497 4906 1537 4957 tt.

69 4993 182 5063 prater
200 4992 264 5046 tete
291 4991 492 5058 Apostolorum,
519 5004 579 5058 cap.
610 4992 648 5052 tt,
675 4990 810 5057 legendus
836 4984 937 5051 loseph
1007 4981 1072 5034 tSic
1094 4980 1194 5034 habeut
1216 4979 1287 5059 bec..
1314 4978 1378 5043 Res·
1404 4983 1430 5032 01
1452 4978 1544 5042 Rsssm·
1569 4986 1631 5029 clm
1655 4978 1736 5033 etttn
1764 4978 1827 5035 bad.

70 5066 105 5121 ln
129 5062 260 5130 nthult.
279 5063 410 5128 ludutels,
426 5074 486 5128 cap.
505 5064 531 5118 7.
553 5063 700 5129 dregorlus
717 5066 808 5115 tamen
829 5059 874 5113 hie
890 5058 938 5109 ts·
977 5054 1005 5104 et
1034 5053 1088 5117 ltl.,
1115 5064 1197 5117 arram
1219 5040 1365 5104 lectonam
1391 5049 1501 5114 uulgata
1532 5050 1628 5101 nostra
1652 5052 1830 5105 etiamnunc

68 5134 225 5193 comitata
245 5146 310 5190 eam
329 5137 448 5203 Agrippa
463 5136 615 5191 contundit.
633 5137 695 5196 uun
718 5135 791 5188 enlm
811 5133 856 5185 bic
872 5142 939 5183 nar·
978 5125 1084 5177 retinet.
1109 5124 1167 5186 llll,
1189 5122 1213 5174 ti
1233 5136 1295 5203 eum
1311 5121 1379 5180 oola,
1400 5124 1463 5185 ele„
1483 5120 1611 5175 etormet
1631 5120 1735 5188 lesum,
1753 5126 1781 5179 et
1798 5122 1828 5177 iu

70 5211 122 5265 nt
140 5204 303 5261 Amouda
324 5208 510 5272 contigerunt,
536 5211 567 5262 ut
587 5208 672 5263 relert
687 5204 846 5272 losepbltb.
861 5216 892 5261 ιι.
905 5202 938 5256 de
979 5197 1156 5264 aliquotmss.
1174 5194 1271 5276 battus
1287 5192 1411 5277 habetur.

70 5282 153 5339 nelle
178 5280 301 5343 ludoico,
328 5284 414 5335 etex
438 5292 473 5336 eo
500 5282 633 5338 Eusebius
657 5284 685 5336 et
714 5280 825 5335 hunnus
850 5277 899 5332 bb.
929 5289 940 5330 t
1010 5270 1127 5332 scarb,
1143 5266 1331 5331 constetne
1347 5269 1611 5349 episcopusl‘assas,
1626 5268 1679 5320 eto.

71 5356 215 5415 nunna.
226 5366 288 5420 cap.
300 5354 326 5407 8.
1010 5341 1105 5399 illlud
1116 5345 1196 5405 caput
1208 5352 1270 5392 cum
1285 5352 1346 5406 seq.
1363 5341 1441 5393 dest
1456 5351 1483 5390 ιιι
1493 5340 1553 5392 ool.
1567 5335 1649 5389 Corb.

105 5428 179 5483 affl
203 5424 306 5479 nubem
333 5437 431 5481 omna
456 5426 532 5481 editt,
555 5424 712 5494 tegendum
732 5427 833 5484 tmen,
845 5421 940 5476 obne—
1011 5415 1099 5468 ¹Cod.
1115 5415 1217 5478 dogm..
1232 5410 1340 5464 hareses
1353 5409 1655 5464 imanasurreneranl.

71 5510 141 5563 m
174 5496 276 5557 menn
296 5500 344 5555 het
369 5501 561 5567 pradieorent,
581 5515 641 5571 qun
664 5502 745 5557 lentio
771 5502 813 5556 est
838 5497 941 5554 conteis
1010 5488 1066 5540 tlu
1107 5484 1220 5567 epistola
1265 5484 1372 5567 scilieet
1413 5482 1632 5548 bugtuuensturn
1681 5482 1835 5549 martyrum

71 5574 241 5635 mnus.
981 5574 1063 5629 quem
1091 5558 1223 5613 llusebtus
1251 5557 1279 5608 ln
1306 5556 1422 5610 lbstorla
1446 5550 1631 5609 ecclesiastica
1650 5550 1745 5609 relert.
1760 5556 1835 5619 hm,

106 5644 205 5703 ιω.
219 5644 571 5715 coenomanensium.
982 5639 1010 5690 et
1040 5646 1123 5699 supra
1153 5630 1325 5685 tentatorum
1347 5630 1496 5692 martyrum
1525 5622 1680 5691 passiones,
1706 5626 1834 5685 dminus

106 5720 203 5776 ὼε
234 5718 289 5773 lull
312 5718 419 5787 dinoot
450 5726 575 5780 veterum
601 5718 705 5786 optato,
737 5728 817 5783 quam
841 5712 942 5769 tertul·
982 5712 1055 5767 later
1070 5708 1133 5762 Aeta
1146 5706 1297 5768 mutarum
1312 5702 1431 5759 amoena.

73 5796 173 5857 hm
206 5794 236 5850 et
260 5789 309 5849 dtt
327 5792 453 5864 phriere
476 5799 573 5869 patrea
597 5793 763 5853 mlanraat.
787 5788 945 5856 Polycrates
