3736 6248
441 224 624 290 avernum
640 226 882 294 rmnconnu.
902 221 1018 292 amaa
1035 226 1209 300 numana
1237 188 1244 209 ⁸
1637 224 1700 292 ,ιιι

91 374 211 437 gessem
223 358 372 419 civitatem
381 355 414 415 in
424 351 564 419 exsilium
576 353 671 427 trusit,
686 353 836 420 thesea-A
845 360 954 429 autem,
967 355 1019 431 qui
1033 369 1051 413 a
1063 359 1138 414 sorte
1153 351 1290 429 sigiberti
1303 367 1335 412 se
1346 352 1383 411 ad
1398 350 1594 427 (thilpertcnm
1607 357 1700 413 trans·

91 447 143 522 rjus
164 461 238 522 qnos
257 443 383 505 Parisios
402 441 554 513 detulerat,
571 440 712 500 abstulit:
730 441 807 501 tillas
847 444 963 518 tulerat,
978 451 1006 504 et
1019 444 1119 504 multis
1132 445 1168 504 ab
1190 461 1224 505 eo
1246 444 1419 504 muneribus
1435 443 1626 518 locupletatus
1643 451 1696 517 est,

91 558 95 602 r
110 539 217 601 lleldis
232 552 245 579 ⁸
259 537 331 597 urhe
355 535 447 594 teneri
473 533 617 608 praecepit.
634 531 717 591 Tunc
731 532 806 591 Roc·
848 541 933 610 caput
944 535 1013 595 belli
1028 535 1112 594 istius
1130 535 1186 594 init
1196 552 1205 606 ;
1227 536 1276 594 sed
1299 535 1330 593 in
1349 548 1448 609 campo
1468 535 1572 607 victus,
1589 535 1701 610 primus

91 639 181 689 ’cum
204 622 428 685 Cenomannicis
442 620 568 679 Turonis
587 619 677 693 venit,
692 624 720 677 et
735 634 807 692 prae·
849 627 918 700 iuga
931 612 1088 685 dilabitur:
1115 624 1200 683 villas
1219 640 1288 684 vero
1301 640 1375 700 quas
1393 624 1420 683 ci
1439 640 1492 683 rex
1515 626 1615 684 atisco
1629 631 1702 692 203

95 720 125 778 et
136 715 230 776 multe
243 711 424 772 sceleraiecit
436 729 443 768 ε
456 709 534 784 quod
547 707 722 783 insequenti
736 723 808 781 qua·
848 713 881 772 in
895 714 1036 774 territorio
1045 712 1229 774 suessionico
1242 714 1413 784 indulserat,
1427 713 1554 787 abstulit,
1565 720 1592 774 et
1605 716 1703 776 basili-

91 812 176 871 irtute
204 806 280 866 beati
307 802 425 864 Martini
450 818 503 878 pro
528 802 615 862 tantis
635 801 721 863 malis
742 817 825 878 quae.
850 822 891 865 cae
905 805 1029 866 contulit
1042 806 1119 865 beati
1134 806 1273 866 Medendi.
1289 807 1354 881 lpse
1366 821 1481 882 quoque
1495 805 1625 866 Godinus
1642 823 1702 867 non

91 913 221 962 museus
233 894 355 965 interiit,
372 892 645 953 memorabimuse.
849 895 1062 970 postmultum
1089 901 1205 968 tempus
1230 895 1381 970 repentina
1409 900 1500 953 morte
1525 900 1701 969 praeventus,

91 989 221 1064 ‚lpericus
234 984 510 1045 verolilinmsuum
525 983 810 1044 blarnvechumcum
850 985 971 1046 interiit.
997 985 1087 1060 Cujns
1111 986 1265 1060 conjugem
1288 985 1500 1060 ltanchingusi
1518 987 1636 1059 accepit,
1657 985 1703 1045 vir

99 1079 225 1141 pictavis
246 1075 355 1150 dirigit.
382 1079 421 1133 At
442 1074 492 1133 ille
514 1074 614 1134 relicta
628 1073 810 1135 ordinatione
852 1081 933 1141 omni
947 1082 1072 1140 vanitate
1097 1081 1235 1155 repletus,
1262 1080 1398 1155 superbia
1425 1080 1565 1152 tumidus,
1580 1078 1705 1139 elatione

91 1167 195 1228 umnis
212 1164 302 1235 venit,
323 1162 423 1239 ibique
436 1168 465 1221 et
477 1161 539 1222 dies
563 1168 677 1223 sanctos
692 1162 810 1224 Paschae
852 1176 1023 1245 protervus;
1047 1156 1145 1247 quise
1169 1170 1209 1228 ita
1230 1185 1299 1229 cum
1312 1169 1459 1244 subjectis
1470 1170 1582 1245 agebat,
1598 1179 1630 1230 ut
1643 1185 1704 1229 non

91 1256 208 1318 uuluam
230 1256 310 1315 enim
330 1254 478 1327 regionem
492 1252 575 1313 illam
589 1256 733 1315 exercitus
748 1254 811 1327 ejus
853 1262 1036 1331 cognosceret
1063 1257 1094 1315 in
1119 1273 1150 1317 se
1173 1257 1285 1334 aliquid
1304 1257 1495 1317 humanitatis
1521 1258 1636 1329 habere,
1654 1258 1703 1316 sed

97 1343 240 1420 Ipsevero
250 1342 394 1404 simulans
403 1342 440 1401 ad
453 1347 574 1402 matrem
582 1358 664 1404 suam
674 1343 717 1402 ire
725 1343 810 1416 vella,
853 1346 930 1407 ultra
956 1345 1076 1405 modum
1102 1347 1240 1406 hnmanae
1253 1345 1374 1403 malitiae
1397 1350 1484 1419 atque
1508 1344 1658 1405 stultitiat
1672 1344 1704 1403 in

91 1450 172 1513 egum
185 1435 278 1511 petiit,
301 1439 329 1494 et
350 1434 391 1493 ibi
406 1432 590 1494 Brnnichildi
614 1434 721 1510 reginae
743 1429 813 1495 oon‘·
854 1451 922 1496 suos
936 1436 1109 1509 desaeviens,
1124 1435 1250 1495 natantia
1266 1433 1342 1493 mala
1355 1434 1481 1507 gerebat.
1505 1435 1579 1494 Nam
1601 1435 1626 1493 si
1639 1439 1707 1493 ante

91 1570 99 1596 ,
115 1537 238 1598 eamque
264 1522 319 1583 sibi
344 1523 375 1580 in
400 1522 585 1582 matrimonio
597 1524 727 1588 sociavit.
743 1524 814 1584 Haec
854 1541 934 1597 eum,
949 1532 982 1585 ul
995 1525 1099 1585 assolet
1111 1527 1141 1599 ¹,
1157 1525 1292 1586 convivio
1305 1530 1438 1585 urentem
1453 1539 1524 1600 puer
1537 1540 1653 1585 cereum
1668 1530 1706 1584 te·

91 1614 177 1674 diens
204 1612 396 1687 chilpericus,
422 1613 500 1685 quod
527 1613 636 1673 scilicet
655 1618 755 1674 contra
770 1615 814 1674 las
856 1614 977 1687 nuisset,
998 1614 1105 1675 nudari
1123 1615 1187 1690 ejus
1201 1614 1285 1673 tibias
1304 1613 1436 1688 faciebat,
1462 1621 1549 1688 atque
1563 1614 1663 1675 tandiu
1675 1613 1708 1673 in

91 1704 293 1766 ‚ecanonicam
306 1718 430 1764 uxorem
446 1703 541 1777 patrui
556 1705 719 1777 accepisset,
731 1705 843 1776 valdess
855 1705 901 1764 his
914 1719 1032 1764 cereum
1044 1703 1206 1777 comprimi,
1222 1704 1313 1763 donec
1332 1703 1445 1763 lumine
1457 1705 1639 1778 privaretur:
1658 1704 1709 1764 ite

99 1792 177 1853 dicto
202 1792 288 1852 eitius
310 1791 346 1851 ad
365 1807 452 1865 supra
468 1798 661 1852 memoratum
676 1793 814 1868 oppidum
856 1814 995 1860 rumcum
1005 1797 1190 1858 illuminatus
1197 1797 1307 1869 luisset,
1319 1796 1454 1856 similiter
1463 1796 1593 1869 iaciebat,
1606 1812 1711 1873 usque

91 1886 122 1947 tt
139 1884 185 1944 iili
198 1899 267 1944 cum
293 1884 356 1976 haec
370 1885 583 1959 cognovissent,
601 1885 678 1960 quod
697 1886 814 1947 eosdem
856 1891 929 1951 dnm
952 1895 1020 1949 totae
1039 1889 1118 1949 libiae
1136 1887 1240 1950 famuli
1266 1890 1388 1947 tenentis
1407 1894 1611 1948 exurerentur.
1627 1887 1709 1959 Quod

91 2001 93 2027 ι
115 1975 300 2045 decerneret:
320 1974 362 2051 ad,
383 1973 532 2032 basilicam
564 1975 656 2034 sancti
685 1975 814 2052 Martini,
857 1981 997 2040 rivocam
1012 1979 1152 2053 amittere,
1169 1984 1219 2041 aut
1240 1994 1280 2039 se.
1296 1979 1332 2038 de
1357 1979 1419 2038 loco
1440 1977 1492 2037 illo
1508 1977 1565 2037 alia
1584 1979 1711 2053 inparue

91 2082 124 2128 er
136 2080 236 2127 muros
247 2064 372 2124 civitatis
383 2062 487 2138 ligneis
499 2063 606 2123 tabulis
617 2063 753 2125 tabrimta
762 2074 815 2143 est,
856 2086 974 2131 movere
988 2070 1230 2142 commeruisset,
1243 2069 1342 2129 nudus
1355 2068 1433 2128 illico
1445 2068 1561 2144 gladius
1574 2067 1711 2128 immine·

91 2170 133 2216 rm
151 2154 272 2215 iaciunt.
282 2156 422 2212 ltexvero
437 2153 606 2226 adveniens,
622 2169 690 2214 cum
700 2153 732 2213 in
742 2155 817 2216 mul·
856 2161 925 2233 hat;
940 2159 1087 2236 fiebatque
1099 2164 1132 2220 ut
1154 2159 1209 2218 hoc
1233 2159 1330 2230 dente,
1355 2158 1409 2217 iste
1424 2173 1529 2233 magna
1543 2156 1642 2217 latitia
1656 2173 1711 2218 es-

91 2245 141 2307 tiis
150 2236 200 2306 eo's
213 2245 321 2305 exinde
335 2243 451 2302 auterre
463 2243 614 2315 niteretur,
625 2251 653 2303 ct
665 2244 709 2304 illi
719 2245 817 2306 dolose
858 2250 990 2311 sultaret.
1005 2249 1132 2310 Aiebant
1143 2247 1223 2307 enim
1237 2246 1367 2323 quidam,
1384 2262 1418 2306 eo
1443 2252 1579 2327 tempom
1589 2246 1662 2306 duos
1676 2245 1713 2305 de

91 2346 185 2402 tantas
201 2340 306 2412 iacere,
321 2354 381 2399 non
399 2337 558 2410 crederent,
579 2338 691 2413 juravit
714 2341 756 2401 eis
773 2342 821 2401 di·
859 2340 979 2401 tamnlis
991 2340 1066 2415 ejus,
1081 2346 1115 2400 ut
1129 2355 1205 2414 sape
1218 2337 1370 2412 contingit,
1377 2332 1490 2398 'mutuo
1504 2353 1535 2397 se
1554 2352 1653 2396 amore
1665 2335 1714 2395 di-

91 2430 113 2504 i,
127 2429 234 2504 inquit,
249 2428 383 2489 voluntas
398 2427 450 2487 Dei
459 2427 548 2487 luerit
558 2428 587 2501 ι,
603 2429 665 2502 ipse
679 2429 732 2491 hos
742 2446 821 2506 sepa·
860 2430 978 2504 lesisse,
992 2428 1092 2490 virum
1106 2428 1214 2490 scilicet
1236 2432 1264 2489 et
1285 2427 1424 2503 puellam.
1446 2427 1579 2503 Cumque
1591 2427 1653 2487 haec
1666 2425 1713 2486 di-

91 2523 279 2578 scederetur.
294 2517 365 2577 Haec
377 2515 423 2576 illi
438 2523 617 2575 mommenta
634 2517 785 2579 audientes
798 2531 820 2592 ι,
861 2518 946 2578 lectio
963 2532 1014 2593 per
1039 2516 1167 2576 duorum
1192 2530 1337 2576 annorum
1363 2520 1414 2575 aut
1432 2530 1466 2574 ao
1484 2514 1610 2590 amplius
1624 2512 1716 2590 spatia

91 2607 139 2669 ica
154 2607 261 2683 egressi
276 2612 356 2679 sunt,
374 2606 607 2681 exosculatisque
630 2613 658 2667 et
671 2608 822 2684 dignanter
863 2607 1036 2676 traheretur,
1061 2604 1207 2679 conjuncti
1243 2603 1350 2681 pariter
1376 2605 1527 2665 ecclesiam
1559 2603 1714 2678 petierunt.

91 2744 101 2772 ,
124 2698 253 2773 epulavit
277 2713 346 2759 cum
371 2698 423 2758 eis.
451 2697 518 2758 Post
537 2699 599 2758 dies
623 2715 692 2760 vero
705 2717 821 2776 paucos,
863 2699 945 2771 Quod
957 2713 1025 2758 cum
1038 2695 1227 2772 Rauchingus
1241 2695 1437 2771 comperisset,
1452 2693 1561 2754 accedit
1575 2694 1716 2752 adserer-

91 2792 124 2848 to
137 2802 235 2847 mcum
254 2802 307 2846 rex
322 2784 502 2857 lleroveeho,
521 2786 691 2847 Suessiones
705 2789 822 2849 ‘rediit
864 2791 961 2850 dotem
977 2789 1051 2858 loci;
1068 2794 1149 2863 rogat
1168 2787 1224 2847 sihi
1238 2786 1372 2862 protinus
1390 2784 1472 2846 reddi
1496 2799 1565 2844 suos
1587 2780 1714 2843 tumulos

91 2876 153 2939 tum
176 2884 275 2938 autem
297 2875 407 2935 ibidem
431 2879 692 2949 commorarentur,
712 2878 824 2938 collecti
864 2885 1027 2940 excusatos.
1053 2878 1135 2938 Tunc
1154 2876 1284 2937 sacerdos
1307 2876 1346 2936 ait
1368 2874 1404 2934 ad
1427 2890 1520 2939 eunrr,
1540 2870 1621 2932 Nosti
1635 2869 1715 2930 enim

92 2968 293 3044 scampania,
306 2966 476 3027 Suessiones
490 2967 593 3026 urbem
605 2968 823 3043 aggrediuntur,
865 2987 932 3047 quae
942 2967 1089 3030 veneratio
1100 2964 1338 3041 debeatimpendi
1347 2963 1476 3025 ecclesiis
1485 2961 1548 3022 Dei.
1560 2960 1625 3021 Non
1635 2956 1713 3019 enim

91 3074 230 3121 necnee
247 3057 438 3132 Fredegunde
459 3058 570 3132 regina,
593 3063 680 3133 atque
700 3056 972 3142 Ghlodecpoteris
981 3079 1032 3123 eos
1045 3061 1184 3137 accipere,
1201 3059 1259 3118 nisi
1282 3064 1314 3118 ut
1328 3057 1415 3117 tidem
1440 3055 1529 3114 iacias
1541 3054 1577 3113 de
1600 3065 1717 3127 perma-

91 3149 130 3211 lio
139 3149 304 3225 chilperici,
323 3147 523 3208 volebantsibi
534 3148 656 3209 subdere
667 3149 823 3212 civitatem.
867 3160 1069 3216 nenteeorum
1092 3148 1316 3232 conjunctione3
1339 3145 1474 3205 similiter
1488 3149 1515 3203 et
1530 3149 1564 3203 ιιι
1581 3141 1617 3200 de
1635 3139 1718 3200 omni

91 3240 308 3315 rtGhilpericus
328 3254 382 3297 rex
400 3239 538 3314 comperit
552 3249 585 3307 ι,
605 3254 673 3299 cum
694 3241 825 3300 exercitu
865 3259 952 3322 prena
961 3239 1102 3316 corporali
1115 3237 1198 3298 liberi
1212 3240 1357 3306 maneant,
1372 3231 1590 3308 repromittas¹.
1608 3228 1717 3301 Atille,

91 3333 175 3406 rexit,
191 3333 308 3391 mittens
323 3331 441 3390 nuntios
457 3346 496 3390 ne
517 3330 573 3389 sihi
592 3329 733 3405 injuriam
749 3331 825 3391 lace-
865 3353 933 3398 cnm
946 3335 999 3396 diu
1011 3331 1168 3408 ambiguus
1182 3329 1353 3405 cogitatione
1366 3324 1634 3398 siluisset,.tandem
1646 3336 1718 3380 con·

102 3425 254 3487 excidium
273 3425 309 3485 de
325 3430 450 3500 utroque
471 3423 601 3483 eveniret
615 3424 755 3485 exercitu.
776 3425 825 3486 llli
867 3440 971 3501 versus
985 3423 1022 3485 ad
1035 3423 1220 3494 sacerdotem,
1235 3421 1332 3497 posuit
1341 3434 1446 3478 manus
1459 3431 1527 3477 enas
1537 3428 1625 3490 super
1634 3410 1718 3471 altari

97 3516 166 3592 haec
191 3514 378 3590 negligentes,
406 3521 607 3589 praeparantur
633 3514 670 3573 ad
692 3515 824 3576 bellum:
868 3529 937 3574 cum
950 3511 1126 3587 juramento,
1139 3509 1255 3569 dicens:
1279 3506 1354 3578 Quia
1368 3518 1521 3578 nunquam
1540 3507 1626 3560 erunt
1639 3514 1658 3599 a
1670 3512 1719 3556 me

91 3622 190 3682 noque
212 3604 312 3681 praelio
325 3602 452 3665 invaluit
472 3617 538 3679 pars
560 3603 725 3679 chilperici,
740 3610 827 3680 atqm
868 3600 1032 3679 separandi,
1047 3600 1096 3659 sed
1109 3598 1207 3675 potius
1220 3595 1399 3672 egolaciam,
1417 3599 1450 3654 ut
1467 3592 1500 3651 in
1522 3591 1576 3650 hac
1594 3602 1720 3661 conjun-

97 3701 212 3774 psrtem
229 3695 286 3755 sibi
300 3695 462 3766 adversam,
481 3691 587 3753 multos
600 3709 639 3753 es
651 3709 685 3753 ea
695 3700 830 3755 strenuos
869 3691 965 3752 ctione
976 3692 1181 3765 permaneant:
1207 3686 1277 3761 qnia
1290 3694 1460 3758 quanquam
1475 3677 1548 3737 mihi
1565 3675 1719 3776 molestum

91 3790 181 3855 ntiles
205 3791 284 3851 viros
311 3796 505 3866 prosternens,
528 3789 693 3864 lugatisque
710 3788 831 3866 reliquis
871 3785 970 3858 tuerit,
986 3783 1063 3860 quod
1077 3782 1186 3857 absque
1207 3776 1265 3838 mei
1279 3775 1395 3838 consilii
1412 3769 1598 3835 conniventia
1610 3781 1632 3807 Ν
1651 3765 1720 3824 talia

91 3899 151 3947 m
164 3880 335 3958 ingreditur.
351 3881 423 3953 Qnae
437 3884 589 3954 postquam
607 3886 761 3954 armanni,
778 3897 831 3942 rex
871 3883 946 3944 204
960 3874 1120 3948 sintgesta,
1136 3870 1209 3931 illud
1224 3876 1320 3929 tamen
1343 3867 1438 3926 libens
1462 3855 1720 3955 amplectenquod
1793 3874 1798 3889 ι

91 3969 350 4047 ’ωιιιιςιιιιοιιοιι
369 3966 578 4041 brunichildis,
598 3975 762 4044 suspectum
775 3970 828 4031 ha·
870 3982 924 4026 nec
946 3965 994 4025 hic
1018 3960 1155 4040 ancillam
1171 3955 1301 4028 alterius,
1323 3969 1420 4029 neque
1435 3953 1498 4012 haec
1512 3955 1646 4046 extranea
1658 3959 1721 4045 ser-

91 4061 150 4139 epit
174 4060 381 4121 llerovechum
406 4058 503 4119 lilium
527 4074 626 4131 sunm,
647 4058 756 4133 dicens,
775 4061 830 4121 hoc
871 4071 942 4116 vum
967 4051 1116 4127 acceperit.
1149 4045 1278 4106 Credidit
1307 4043 1438 4103 sacerdos
1466 4040 1518 4099 ille
1550 4035 1720 4138 simpliciter

91 4166 114 4211 ιι
132 4150 197 4224 ejus
213 4149 344 4224 nequitia
362 4147 541 4207 surrexisse:
562 4147 775 4224 spoliatumque
792 4150 829 4210 ab
869 4133 1054 4221 promissioni
1068 4136 1197 4198 hominis
1210 4133 1317 4205 callidi,
1334 4131 1517 4205 reddiditque
1525 4128 1659 4188 hommes
1673 4138 1724 4182 ex·

102 4240 180 4302 datis
202 4239 372 4301 cristodibus
393 4238 485 4298 libere
497 4238 508 4268 ⁵
522 4238 660 4297 custodiri
680 4240 826 4315 praecepit,
869 4240 993 4295 ensaws.
1015 4230 1128 4304 Quibus
1152 4226 1202 4286 ille
1219 4222 1352 4298 acceptis,
1368 4229 1396 4321 et
1413 4219 1519 4318 gratias
1541 4231 1640 4315 agens,
1654 4214 1722 4273 abs-

91 4331 194 4409 sqnid
207 4330 244 4390 de
260 4345 295 4389 eo
318 4328 350 4388 in
370 4327 517 4402 posterum
532 4326 686 4388 ordinaret.
701 4327 832 4388 Godinus
872 4326 957 4388 ceasit
972 4323 1008 4384 ad
1021 4323 1142 4383 domum
1155 4331 1249 4389 suam,
1264 4318 1293 4374 et
1322 4316 1420 4372 statim
1442 4311 1530 4386 jussit
1544 4304 1614 4366 elidi
1636 4302 1720 4364 arho-

108 4538 202 4602 segm
240 4538 267 4587 et
297 4535 385 4597 Bad.;
416 4534 490 4596 Bec,
524 4482 664 4586 neudum.
696 4533 749 4585 Alli
777 4434 862 4588 treeD
878 4523 973 4578 stodire
995 4514 1238 4574 committebantur,
1252 4515 1287 4580 ¹ut
1310 4512 1386 4565 notet
1399 4508 1582 4571 hieronymus
1598 4503 1626 4556 ln
1644 4501 1723 4555 llh.n

91 4607 197 4665 Ηιᾰιιι.
218 4607 284 4659 satu
299 4606 433 4672 plerique,
450 4604 567 4667 ιιιιιαίι,
580 4603 663 4668 vulgo
680 4605 786 4657 lteaur.
874 4595 980 4649 advers.
1010 4589 1194 4655 vigilantium.
1231 4585 1297 4666 ilde
1331 4581 1379 4635 lib.
1414 4594 1424 4634 ι
1459 4577 1494 4632 de
1520 4573 1613 4629 Gloria
1638 4573 1723 4633 liert..

91 4718 102 4743 0
134 4677 310 4733 Ιιιιωιιιιιιιιι.
346 4676 454 4740 segra„
481 4675 631 4730 ιιοιοιιιιιιι.
661 4676 738 4740 Bac,
769 4675 834 4731 itae
873 4679 934 4731 esp.
956 4665 997 4718 45.
1018 4661 1168 4714 botuntum
1192 4655 1345 4710 estodium
1359 4650 1479 4719 appellet
1498 4646 1604 4702 Pontius
1621 4645 1649 4699 tn
1669 4644 1724 4698 tlte

91 4744 240 4813 ‚etunn
254 4760 314 4814 cap.
329 4747 353 4807 l,
367 4745 596 4806 duceolinumeu
612 4745 769 4801 Rutulorum.
875 4735 963 4790 saneti
979 4727 1259 4798 Gyprlent,num.15.
1357 4826 1360 4831 Ι

91 4833 190 4887 susp.
212 4822 237 4881 t,
255 4825 282 4874 et
293 4819 323 4870 in
344 4817 392 4871 lib.
408 4830 429 4871 n
451 4818 486 4872 de
511 4817 646 4873 surculis
662 4820 751 4872 sancti
764 4818 832 4871 llar-
905 4842 985 4906 rm,
1002 4834 1197 4892 nminem

91 4892 245 5033 Ιηίιιιῃοᾱιιι
266 4974 329 5015 cnm
352 4959 429 5023 Boo,
458 4958 541 5023 soret.
567 4958 650 5023 Brd.,
676 4959 756 5024 soret
778 4960 834 5028 ipre
903 4950 1004 5004 ttlorb.
1015 4951 1042 5003 ct
1051 4944 1127 5010 Bell,
1138 4944 1214 4996 ultra
1229 4937 1342 4993 modum
1351 4935 1434 4997 utque
1447 4928 1602 4983 stultitiam.

91 5043 366 5114 memnonem.
622 5089 625 5095 ,
905 5056 977 5110 ¹sve
996 5055 1025 5108 u
1050 5051 1119 5105 raro
1147 5062 1168 5102 n
1200 5046 1303 5110 nunog.
1320 5042 1345 5095 s.
1377 5036 1509 5102 elegerit,
1527 5046 1587 5100 erp.
1608 5033 1649 5095 ιθ,
1664 5044 1727 5114 1110·¹

91 5144 103 5169 ·
128 5105 301 5170 mmm·
331 5102 361 5156 Εἰ
376 5099 447 5154 ”¹¹¹⁸
470 5098 559 5164 (Μ
579 5100 704 5167 ‘mm'
716 5106 752 5156 ’δ’
771 5115 836 5156 “¹²³²
876 5126 982 5182 nachus
1007 5124 1117 5191 quinam
1145 5120 1172 5173 s.
1198 5118 1223 5172 i.
1249 5111 1395 5170 uenenato
1419 5107 1599 5163 admoneam
1622 5107 1729 5162 sedern

1029 5192 1148 5248 tenebat.

91 5247 265 5375 irm'
296 5247 324 5300 et
347 5245 473 5300 mmm
500 5243 595 5309 Μ’
627 5254 694 5299 ww
718 5243 835 5307 &BQ
877 5200 1024 5361 lusam
1053 5315 1087 5356 ee
1115 5299 1151 5354 de
1173 5310 1205 5352 re
1231 5291 1349 5351 termule
1364 5287 1437 5358 apud
1462 5263 1632 5354 iiignoutnm,
1657 5285 1726 5338 ¹⁰¹⁰¹

91 5357 131 5447 est
155 5387 276 5445 telesim
297 5389 342 5442 htc
358 5387 410 5443 slbl
427 5390 477 5458 lpsl
495 5386 664 5445 eontrarium
688 5395 751 5439 esse
774 5384 839 5438 Gre-
878 5366 987 5433 veteres
1017 5373 1113 5430 lacerti
1142 5362 1263 5426 auctoris
1284 5375 1360 5420 num.
1386 5362 1428 5417 tt.
1456 5359 1521 5416 ilde
1549 5364 1576 5417 et
1604 5356 1727 5423 eiusdem

91 5461 168 5528 ‚⁸1⁰¹
195 5459 378 5526 chilpericum
405 5460 597 5521 suasionibus
623 5458 837 5510 commorantem
879 5450 933 5502 virt
946 5450 983 5504 cl.
999 5450 1086 5501 notes.

91 5537 121 5591 st
136 5535 229 5587 umen
253 5532 288 5588 da
312 5543 345 5586 eo
359 5531 545 5614 obloquitur,
568 5528 649 5600 quest
670 5527 708 5580 ibt
720 5525 836 5580 uonrd·
909 5567 926 5590 ,
940 5555 1012 5613 colb.
1037 5564 1101 5609 ,m
1123 5550 1226 5618 mm,
1241 5545 1331 5607 „m
1355 5522 1554 5610 mim-mm,
1575 5527 1647 5596 Μ,
1663 5542 1731 5586 m.

91 5677 102 5732 t
128 5673 254 5732 marnes
276 5673 442 5760 bouestnnm
475 5687 596 5762 ,emper
624 5668 765 5731 hommum
789 5677 837 5726 ou·
879 5627 1011 5686 mmm
