3736 6248
153 343 204 407 stt
740 324 951 394 nntznsnattu
970 334 1195 393 senonasmct
1736 337 1791 395 aar

155 461 292 526 decrerim
307 457 447 527 ignorabat
458 453 533 514 onim
543 452 615 511 notio
629 451 686 508 lateo
699 452 838 508 calauritas
850 461 945 507 contra
960 461 984 512 Α
999 449 1095 503 finivit.
1107 446 1156 503 Cui
1170 443 1337 503 succedite
1353 445 1456 517 imperii
1470 447 1583 517 graelum
1597 447 1790 507 Constantinus

156 551 299 624 imperium
311 559 451 621 arrrgeret.¹
1000 540 1070 596 lilius
1084 539 1160 608 ejus,
1175 538 1252 608 errius
1264 547 1386 607 tempure
1401 551 1462 607 pars
1484 538 1590 608 publica
1604 539 1792 659 axSarraccnis

193 649 284 706 titii.
314 647 447 718 ligarem,
462 647 508 717 otti
536 655 564 703 et
584 642 739 707 sarraceni,
761 643 832 697 sicut
859 641 947 696 brosii
998 634 1109 688 atratum
1124 641 1252 687 vastatur.
1687 724 1694 737 .

157 738 234 810 [dole
248 737 362 809 Eorosiil
374 738 440 794 liber
459 746 581 804 testatur,
597 734 829 806 genscircurneisa
839 747 854 786 a
866 734 949 785 tatere
1037 720 1090 779 Ati·
1105 738 1206 778 ⁰0¹¹!-
1222 749 1256 762 ··
1279 720 1384 776 inll.
1400 722 1477 776 A¹t¹¹0
1493 722 1509 777 9
1525 731 1537 760 ⁰
1553 722 1706 793 Datobetlt,
1722 725 1794 780 Clit-

157 829 257 885 montis
279 827 402 894 Caucasi,
416 842 498 896 super
522 842 597 881 mare
620 824 760 894 Caspiurtr,
776 834 886 884 terrain,
901 820 949 875 iir-
998 813 1114 870 ribertus
1124 828 1169 867 rex
1181 812 1302 877 moritur,
1318 813 1471 880 relinquens
1487 812 1571 867 lilium
1584 815 1733 882 parvulum,
1748 831 1795 869 tro·

155 922 235 977 colite
247 931 260 960 ¹¹
274 932 470 992 cognomento,
485 919 541 991 ianr
564 920 627 975 olim
642 919 831 984 consedentes,
846 933 906 972 curn
922 917 948 971 ln
999 905 1071 961 misse
1097 902 1280 973 C¹¹l¹i³llfi⁰¹¹¹¹¹
1295 942 1302 966 ι
1318 901 1362 970 qui
1379 917 1429 956 ¹¹⁰⁰
1448 912 1508 970 90⁵¹
1531 918 1634 959 ¹¹l⁰f³¹¹¹
1652 902 1794 959 defuimus

158 1013 239 1067 „amaa
256 1011 425 1068 munimem
446 1011 612 1072 crevissem,
629 1010 736 1064 mag„
750 1023 824 1063 ,rma
837 1024 948 1064 gumen.
999 1003 1042 1051 est
1069 1011 1077 1049 ι
1104 992 1190 1050 fertur
1213 994 1330 1048 factione
1355 992 1495 1060 Dagoberti
1521 993 1604 1049 fuisse
1624 995 1791 1097 interiectus.

158 1111 214 1169 tce,
230 1074 382 1170 provincias
406 1100 521 1156 fleraelii
545 1100 714 1167 imperatoris
741 1098 774 1153 ad
791 1100 949 1155 vastandum
1005 1086 1091 1141 ⁰¹¹¹¹¹⁰
1103 1099 1212 1151 regnum
1224 1083 1384 1149 filiiflbfflb
1398 1098 1450 1138 ⁰¹¹²
1462 1097 1523 1187 eum
1538 1083 1690 1154 W³³⁰⁰¹¹¹³2
1707 1087 1793 1156 ⁰³8⁰·

157 1195 385 1249 ifpuunggcpntpg
405 1207 472 1262 quos
487 1190 625 1248 Heraclius
648 1191 747 1246 milites
760 1189 843 1262 “⁰
857 1189 890 1245 gd
907 1206 949 1244 ge.
1000 1177 1092 1233 botius
1111 1186 1230 1243 protentis
1243 1190 1299 1230 tuto
1313 1174 1408 1229 ditioni
1423 1176 1520 1246 redtgti
1542 1192 1550 1231 ἶ
1573 1179 1713 1233 thesauros
1726 1194 1794 1247 illiti·

158 1284 306 1340 sistendum
321 1284 431 1338 direxit.
445 1281 566 1352 Curaque
583 1280 699 1351 praeliari
714 1283 870 1350 coepisseet,
886 1282 947 1336 Sar·
1000 1289 1052 1344 que
1067 1272 1214 1328 chariberti
1239 1271 1356 1325 ilaritate
1370 1271 1430 1324 dact
1455 1269 1464 1310 t
1489 1271 1675 1327 adducendum
1698 1282 1726 1328 ct
1741 1273 1792 1326 sibi

159 1377 253 1432 raeeni
265 1375 365 1431 milites
379 1383 518 1444 superant,
533 1389 634 1443 eosque
659 1373 749 1444 gladio
763 1373 881 1442 graviter
896 1383 936 1426 tru
1002 1365 1216 1422 presentandum
1229 1364 1337 1420 direxit.
1355 1364 1431 1420 onae
1447 1364 1578 1421 Barbatus
1592 1380 1673 1435 gravo
1685 1365 1794 1466 dispeu-

158 1467 260 1525 cidant.
285 1472 382 1523 bertar
401 1467 428 1522 ia
453 1481 487 1520 ee
511 1466 604 1534 prelio
627 1475 735 1519 centurn
758 1464 950 1534 quinquaginta
1001 1459 1075 1514 dium
1089 1457 1185 1513 fecisse
1199 1455 1377 1525 dignoscitur,
1391 1470 1443 1509 una
1457 1470 1518 1511 cum
1535 1456 1710 1512 thesaurariis
1725 1455 1793 1527 leti.¹
1853 1478 1856 1482 ⁴

159 1558 241 1616 miliia
257 1558 371 1614 nrilitum
386 1575 402 1613 a
415 1556 571 1613 Sarraceais
591 1556 676 1611 luisse
690 1554 842 1611 interfecta.
856 1554 949 1623 Spolia
1003 1545 1147 1620 mesenus]
1180 1547 1291 1613 faciens,
1307 1548 1418 1604 nimium
1429 1549 1527 1605 exinde
1539 1549 1721 1605 fraudulenter
1735 1550 1790 1606 sub

158 1664 251 1705 eornm
275 1647 415 1704 sarraceni
445 1662 492 1714 per
517 1644 623 1714 legatos
648 1646 772 1701 lleractio
798 1645 951 1714 recipienda
1002 1643 1094 1699 traxit.

159 1738 284 1795 eferunt.
301 1737 437 1793 ileraciius
458 1737 568 1807 cupiens
590 1751 672 1805 saper
685 1737 849 1793 Sarracenos
863 1737 943 1793 vindi·
1037 1733 1154 1791 Litvttt.
1176 1733 1215 1790 ila
1228 1747 1299 1789 anno
1312 1731 1417 1799 Scisti,
1432 1744 1612 1805 cognomento
1627 1733 1745 1802 winidi,
1768 1736 1795 1791 ia

158 1842 240 1894 cum,
256 1829 320 1883 nihil
334 1829 369 1883 ab
382 1829 424 1884 iris
439 1829 560 1896 recipere
574 1829 669 1883 voluit.
685 1829 856 1900 ¹congregata
872 1831 950 1886 nndl·
965 1828 988 1888 ii
1001 1841 1084 1897 regno
1105 1827 1231 1884 samonis
1244 1825 1425 1896 negotiantes,
1450 1826 1614 1882 Francorum
1634 1843 1694 1883 cum
1710 1829 1794 1899 pluri-

158 1936 211 1990 que
220 1922 253 1975 de
263 1921 396 1976 universis
407 1921 555 1991 provinciis
567 1920 674 1989 imperil
685 1923 770 1977 nimia
780 1921 950 1984 multitudine
1000 1934 1072 1975 mam
1086 1919 1282 1974 mirititudinem
1299 1916 1494 1974 interfecissent
1507 1928 1536 1974 et
1545 1920 1625 2011 rebus
1641 1921 1792 1991 exspolias-

159 2011 291 2078 miiitum,
318 2011 501 2067 transmittens
542 2009 683 2066 lleraelius
714 2010 875 2082 legationem
915 2012 949 2067 ad
999 2021 1070 2078 serit,
1089 2011 1139 2064 trec
1162 2007 1213 2064 fait
1233 2009 1335 2062 initium
1352 2007 1471 2063 scandali
1492 2009 1794 2078 interbagobcrtumct

160 2100 255 2157 Portas
279 2101 390 2170 Caspias
405 2099 431 2166 b,
446 2115 515 2171 quas
535 2100 685 2157 blesarrder
705 2101 816 2173 llagaus
838 2103 950 2159 lfaoedo
999 2098 1143 2155 &irruerem
1160 2112 1252 2168 regern
1270 2096 1459 2153 sclavinorum
1473 2107 1498 2152 t.
1511 2099 1686 2169 dirigensque
1708 2101 1794 2169 bago·

159 2207 240 2259 anper
253 2207 328 2247 marc
343 2190 470 2261 Caspium
485 2205 570 2247 oreas
584 2191 643 2247 fleri
662 2200 690 2248 et
703 2206 809 2249 serrare
822 2194 948 2263 jusserat,
1000 2191 1091 2244 bertus
1101 2186 1253 2243 siebat-ium
1265 2187 1422 2256 legatarium
1437 2188 1636 2256 adsertionem,
1654 2200 1748 2259 petens
1764 2201 1792 2246 ut

160 2295 270 2355 prepter
292 2284 493 2340 inundationem
515 2285 634 2353 gentium
657 2284 950 2355 novissimarumque
1001 2281 1168 2349 negutiante
1180 2293 1249 2348 nuos
1262 2281 1303 2333 sui
1325 2279 1533 2346 interfecerant,
1552 2292 1578 2335 et
1594 2296 1637 2336 res
1653 2298 1719 2350 quas
1742 2285 1779 2336 itii

160 2373 228 2430 ultra
250 2382 367 2429 rnontcm
384 2374 496 2430 Caucasi
520 2374 646 2431 culminis
661 2375 950 2443 habitabarit,eaadem
999 2371 1052 2428 cite
1072 2378 1267 2440 usurpaverant
1294 2386 1355 2441 cum
1379 2372 1483 2442 institia
1507 2371 1607 2426 faceret
1630 2372 1792 2425 errreudarc·

159 2475 251 2539 pertas
273 2465 411 2521 fleraclius
434 2466 540 2536 aperire
563 2468 700 2537 praecepit,
714 2469 828 2539 indeque
841 2480 949 2527 contum
1000 2464 1082 2522 Sarrae
1096 2465 1196 2521 violeris
1217 2463 1367 2520 sicharium
1389 2465 1496 2530 videre,
1516 2478 1567 2519 nec
1580 2464 1612 2518 ad
1627 2479 1657 2519 se
1671 2481 1732 2518 curn
1746 2480 1794 2519 vc-

159 2558 349 2631 quinquaginta
374 2558 459 2613 miliia
481 2568 659 2628 pugnatorum
671 2574 789 2630 auroque
802 2563 949 2618 locatorum
1002 2559 1062 2615 nire
1077 2560 1259 2629 perrrrittr·ret;
1284 2559 1420 2615 sicharius
1434 2569 1521 2613 vestes
1535 2558 1641 2612 indatus
1661 2558 1695 2613 ad
1711 2558 1795 2659 instar

159 2647 264 2704 auxilio
277 2659 433 2705 suocontra
447 2647 841 2720 sarracenorrdpretiantem
855 2653 948 2708 mittit.
1000 2650 1183 2709 sclavinorum
1207 2645 1223 2688 ¹¹
1244 2663 1306 2705 cum
1325 2649 1381 2705 suis
1404 2650 1439 2704 ad
1460 2659 1632 2719 conspectura
1658 2656 1793 2717 pervenit,

160 2740 301 2797 Sarraceui
327 2738 397 2795 duos
427 2740 557 2798 babentes
580 2740 732 2812 principer,
757 2742 871 2799 ducenta
894 2743 951 2801 fere
1001 2742 1110 2799 Samari
1134 2743 1258 2797 universa
1282 2756 1341 2812 qaae
1364 2741 1479 2811 injuncta
1506 2740 1624 2796 babebat
1650 2742 1793 2795 aurariae-tt.

159 2829 242 2885 urittia
253 2838 341 2885 crant.
355 2831 477 2902 cunique
487 2840 575 2887 castra
588 2846 639 2888 nec
649 2834 742 2902 procui
753 2835 862 2891 interes
873 2849 951 2892 eser·
1002 2833 1056 2890 seu
1073 2842 1103 2889 ut
1117 2833 1196 2889 habet
1209 2832 1345 2904 gentilitas
1360 2841 1389 2888 ct
1401 2832 1526 2901 superbia
1546 2846 1688 2901 pravorum
1702 2870 1709 2894 ,
1727 2831 1793 2885 nibil

159 2921 229 2975 cittis
242 2929 354 2989 uterque
369 2919 532 2990 posuissent,
548 2921 584 2976 ita
599 2932 628 2977 ut
649 2923 835 2987 incrastinum
849 2925 949 2982 bellum
1002 2940 1020 2980 a
1034 2924 1152 2982 Samene
1170 2939 1230 2995 quc
1244 2925 1285 2980 sui
1304 2925 1469 2978 adratiserant
1483 2933 1524 2977 est
1545 2923 1726 2987 emendatum,
1743 2923 1794 2979 uisi

160 3010 267 3076 inirent,
281 3010 465 3080 confligentes,
478 3010 571 3067 cadem
586 3018 664 3067 nocte
674 3011 763 3082 gladio
776 3015 821 3069 oei
836 3014 951 3071 tieraciii
1003 3025 1106 3071 tautum
1123 3015 1219 3086 placita
1233 3015 1334 3077 vellens
1348 3015 1509 3080 instituere,
1526 3015 1563 3069 uti
1575 3015 1609 3070 de
1632 3015 1672 3069 fris
1691 3023 1720 3068 et
1734 3014 1793 3069 aliis

160 3102 294 3158 exereitus
318 3105 473 3172 percutitur.
488 3102 518 3159 ln
534 3107 632 3161 castris
645 3105 835 3176 quirruuaginta
850 3116 877 3162 et
896 3107 950 3164 duo
1003 3105 1215 3171 intentionibus,
1241 3121 1300 3176 qun
1320 3108 1390 3160 inter
1408 3104 1456 3160 bas
1476 3115 1568 3174 partes
1590 3114 1655 3160 orta
1676 3107 1793 3174 fuerant,

162 3203 175 3232 θ
193 3195 276 3251 millia
292 3210 324 3250 ex
339 3195 468 3251 militibus
483 3197 596 3253 lleraclii
613 3199 638 3253 in
652 3208 738 3255 stratu
759 3203 855 3255 rtanrtui
870 3212 946 3257 runt:
964 3191 1101 3264 Ciustitia
1117 3195 1276 3251 redderetur
1291 3196 1317 3250 ia
1329 3195 1454 3251 invicem.
1479 3194 1625 3259 biclrarius,
1636 3194 1706 3250 sicut
1722 3197 1792 3250 stul-

159 3300 274 3355 tumque
294 3286 320 3341 iu
342 3289 459 3345 crastino
479 3289 610 3345 deberent
634 3292 666 3345 ad
692 3293 813 3360 pra-lium
835 3291 947 3362 egredi,
1002 3295 1044 3343 tua
1058 3291 1174 3357 ligatus,
1194 3288 1275 3343 sorba
1291 3287 1443 3358 improperii
1468 3301 1529 3356 gum
1544 3286 1664 3359 injuncta
1679 3303 1732 3343 riou
1747 3291 1794 3341 ira-

157 3386 300 3432 cernentes
315 3393 407 3433 corum
424 3381 558 3437 exereitus
573 3381 671 3436 milites
686 3391 788 3450 partem
804 3384 948 3439 maximam
1000 3379 1106 3445 buerat,
1121 3389 1150 3435 et
1170 3378 1258 3439 minas
1279 3379 1410 3437 adversus
1432 3380 1579 3454 ⁴samonem
1609 3381 1737 3449 loquitur,
1760 3398 1793 3436 en

157 3467 249 3522 utrina
260 3468 362 3539 judicio
376 3468 556 3539 irirerfcctam,
572 3472 700 3527 adversus
722 3472 885 3530 Sarracenos
899 3490 949 3533 nec
1000 3471 1072 3542 auu
1088 3472 1172 3528 Sarno
1184 3479 1212 3526 et
1222 3470 1338 3540 papulus
1352 3471 1426 3542 regni
1438 3472 1479 3525 sui
1496 3472 1645 3540 dagoberto
1661 3472 1793 3528 deberent

157 3551 292 3620 arisi,sunt
315 3560 383 3613 inire
405 3560 537 3628 pralium.
554 3560 701 3630 Regressus
714 3563 949 3632 satiris-exercitus
999 3563 1148 3620 servitium.
1163 3563 1243 3620 Sarno
1255 3564 1420 3634 respondens
1429 3565 1483 3634 jam
1497 3564 1602 3620 saucias
1615 3565 1712 3638 [Clor.,
1726 3581 1793 3622 cau·

158 3649 274 3705 fieraclii
288 3649 322 3705 ad
337 3652 458 3720 proprias
473 3651 566 3718 seiles,
583 3652 723 3709 sarraceni
739 3670 814 3711 triore
826 3672 880 3727 quo
893 3671 949 3714 coe·
999 3658 1068 3732 cius]
1091 3660 1158 3716 diiii
1180 3676 1188 3715 ι
1213 3658 1294 3731 effi
1314 3658 1348 3715 Et
1362 3668 1460 3716 terram
1474 3674 1553 3729 quam
1569 3660 1696 3718 babeurus
1707 3660 1793 3729 Dago-

158 3752 265 3810 pcram,
280 3741 430 3809 provincias
447 3742 562 3798 ileraciii
586 3743 754 3813 imperatoris
775 3750 884 3807 assidue
900 3767 948 3805 ra·
1001 3749 1069 3807 berti
1083 3759 1134 3817 est,
1148 3762 1174 3807 et
1186 3756 1240 3807 nos
1254 3750 1295 3805 sui
1310 3765 1422 3819 santus,
1441 3751 1466 3805 si
1482 3759 1571 3804 tarnen
1586 3751 1724 3805 nobiscum
1736 3749 1793 3805 dis·

158 3836 231 3885 serre
251 3831 407 3902 pergebant.
435 3832 503 3888 Cum
525 3831 581 3903 jam
601 3834 813 3909 Hierosolymam
839 3842 948 3912 propin·
1001 3842 1120 3913 posuerit
1147 3841 1280 3897 arnicitias
1305 3854 1480 3898 conservare.
1509 3842 1646 3898 Sicirarius
1675 3842 1792 3923 dicens:

158 3928 296 3988 uuasscnt,
308 3920 446 3977 lleraciius
457 3923 550 3979 ridens
560 3925 631 3995 qrred
641 3941 733 3983 eurum
747 3929 883 3987 violerrtiae
895 3950 949 3988 raon
1000 3936 1058 4001 Νιιιι
1072 3942 1114 3991 est
1128 3934 1267 4004 possibile,
1282 3943 1311 3988 ut
1322 3933 1468 3989 Christiani
1482 3934 1529 3990 lici
1545 3936 1616 3989 servi
1635 3949 1697 3990 cum
1715 3935 1792 3989 carri·

159 4008 290 4076 potuisset
310 4011 456 4074 resistere.
478 4013 561 4067 nimia
586 4015 764 4073 amaritudine
783 4027 811 4075 et
832 4035 949 4077 moerere
1002 4027 1052 4081 bus
1071 4026 1205 4083 amicitias
1227 4025 1360 4082 collocare
1382 4027 1496 4096 possint,
1516 4027 1597 4084 &nra
1619 4042 1635 4083 e
1657 4027 1793 4083 eontmrtc

158 4106 291 4169 arreptus,
307 4101 398 4157 infelix
414 4102 587 4176 Eutycianam
603 4107 726 4163 tamresim
735 4106 791 4178 jara
802 4120 909 4167 sectans
919 4111 945 4178 ⁶,
999 4118 1086 4174 uixit:
1103 4119 1130 4175 st
1144 4120 1266 4174 accestis
1277 4119 1323 4175 bei
1334 4118 1417 4184 serat,
1431 4129 1625 4176 capessamus
1639 4120 1687 4175 bei
1698 4136 1794 4189 canes,-

157 4186 257 4245 Cltristl
271 4193 371 4246 cultum
386 4193 550 4273 relinquetis,
566 4194 668 4252 habens
681 4215 792 4268 uxorem
809 4201 889 4258 liliam
903 4218 946 4259 su·
1000 4209 1063 4263 durii
1080 4223 1127 4263 roe
1139 4210 1248 4265 acidae
1261 4218 1354 4265 contra
1369 4209 1455 4283 ipsum
1469 4219 1559 4282 agatis,
1570 4226 1619 4266 nos
1630 4214 1792 4280 percussum

161 4280 233 4337 roris
254 4296 321 4350 suae,
335 4282 415 4357 641
429 4301 444 4339 a
464 4286 538 4343 febre
560 4300 671 4344 voratas
694 4291 839 4348 crudeliter
866 4297 945 4352 vitam
1001 4303 1155 4369 accepimus
1170 4317 1218 4358 vos
1229 4302 1362 4359 morsibus
1373 4302 1503 4359 lacerare.
1521 4304 1629 4374 Eiectos
1643 4315 1686 4360 cst
1697 4306 1793 4363 S'clra·

160 4396 203 4451 i't.
228 4398 265 4452 tie
279 4405 329 4454 trae
345 4413 374 4453 re
388 4399 465 4467 plura
480 4401 505 4455 ln
527 4411 667 4470 utramque
685 4417 786 4465 partem
810 4420 943 4473 scripsere
961 4415 1078 4475 onnam
1095 4413 1237 4469 cotrifatam
1251 4420 1375 4467 naturam
1390 4410 1559 4481 admittebat,
1570 4417 1613 4471 illa
1626 4420 1732 4473 unicam
1745 4437 1792 4474 vo·

158 4465 221 4521 intr.
237 4466 373 4522 tranans
385 4478 413 4523 et
427 4470 457 4523 Ρ.
473 4468 536 4525 leli.
551 4471 652 4524 Nicoiai
673 4471 872 4530 bontirricanus.
999 4485 1139 4538 levitatem.
1162 4483 1236 4538 ilaue
1261 4483 1368 4552 publice
1384 4485 1473 4539 edicta
1498 4483 1628 4540 Ectlreaim
1643 4491 1789 4556 appellant,

89 4575 96 4588 -
195 4544 209 4572 ¹¹
224 4535 298 4589 0⁰¹b·
313 4544 340 4591 0²
355 4536 423 4590 &dili
442 4537 551 4604 illitum·
569 4538 703 4594 Ercelritc.
727 4543 791 4605 atat,
813 4543 942 4601 llercotrr'.
1000 4557 1125 4608 ornmbus
1140 4553 1281 4608 tenendam
1298 4568 1446 4621 proponere
1460 4557 1559 4611 veritas
1574 4571 1626 4612 riori
1641 4568 1692 4612 est.
1709 4560 1792 4614 ltera-

158 4604 301 4659 fnleriores
310 4603 422 4659 Caucasi
433 4616 521 4674 partes
531 4607 616 4664 Colice
626 4610 756 4681 regiorum
765 4613 850 4670 dictas
863 4617 945 4673 fuisse
997 4624 1050 4678 ctio
1066 4623 1132 4690 patri
1149 4631 1281 4676 successit
1294 4623 1487 4678 Currstantinns
1498 4629 1650 4681 catireiicus
1665 4643 1710 4684 an.
1724 4631 1790 4686 ott.

160 4673 334 4741 tegirrrrapud
345 4676 487 4730 tlrtclium.
999 4694 1036 4746 tie
1062 4691 1183 4747 cladibus
1198 4704 1262 4747 vero
1277 4707 1325 4762 per
1339 4693 1502 4750 Sarracenos
1526 4700 1622 4762 iitrtis,
1637 4702 1681 4767 qui
1696 4700 1792 4754 liutra-

194 4743 305 4797 boeot.
319 4744 390 4806 Clar,
401 4756 428 4799 ot
438 4744 526 4814 Colle,
538 4745 654 4818 Cirpiar,·
669 4751 806 4818 tranat..
819 4754 943 4826 Cispiani.
998 4762 1082 4815 medis
1095 4776 1144 4815 scu
1159 4761 1328 4824 lithomeris.
1351 4778 1396 4817 art.
1412 4764 1475 4832 titt,
1492 4766 1567 4836 regni
1582 4768 1624 4823 sui
1640 4783 1723 4836 supter
1738 4773 1791 4825 ali·

159 4813 258 4869 lirrvult
273 4813 374 4869 Plinius
395 4813 541 4871 Caucasias
567 4829 655 4885 riorus
674 4825 820 4890 appellari:
836 4842 897 4895 qirre
917 4836 944 4882 et
997 4840 1063 4901 quiet
1090 4830 1190 4886 arabes
1213 4847 1285 4886 norm
1309 4831 1446 4902 defuncti,
1463 4836 1601 4905 discipulis
1621 4836 1709 4907 juncti
1734 4855 1790 4896 raon

158 4884 230 4952 l’ytre
251 4882 343 4938 iberiae
365 4884 500 4951 dicuntur,
517 4903 569 4941 non
592 4891 661 4956 quod
686 4892 720 4947 ibi
747 4908 830 4959 param
844 4914 873 4951 re
885 4896 943 4964 ipsa
997 4904 1086 4956 tainus
1099 4901 1155 4955 fleo
1167 4918 1247 4970 quam
1258 4902 1412 4959 bominibus
1422 4904 1521 4961 bellum
1533 4908 1698 4977 inditarum,
1712 4912 1791 4976 plura

158 4953 272 5018 fuerint,
284 4968 438 5022 quartanam
456 4965 483 5010 et
501 4957 535 5013 ab
550 4959 644 5015 incolis
664 4961 787 5018 dicautur
800 4965 879 5020 Porta
893 4968 945 5022 fer·
995 4970 1094 5026 videsis
1114 4975 1184 5041 apud
1200 4972 1407 5039 i'lreopbanem,
1422 4976 1601 5047 Nicephorum
1614 4989 1641 5032 et
1663 4990 1790 5037 caeteros.

159 5022 280 5102 rea,·sed
294 5024 377 5104 ‘quaid
401 5026 475 5106 tecue
498 5028 566 5083 adeo
587 5030 625 5110 sit
646 5045 791 5101 angustus,
807 5045 835 5089 at
851 5037 946 5105 quivis
995 5039 1079 5095 Neruo
1099 5042 1184 5097 nescit
1207 5050 1338 5121 gustatum
1364 5045 1403 5100 illi
1427 5045 1534 5103 barbari
1555 5064 1604 5120 per
1629 5051 1790 5110 uuiversum

161 5091 279 5145 bostium
293 5103 409 5160 impetus
421 5095 500 5153 facile
513 5099 620 5154 returrdr
634 5113 729 5169 possit.
742 5104 836 5159 aditus
850 5120 947 5174 nernpe
995 5109 1087 5165 orbem
1104 5122 1193 5178 postea
1205 5112 1343 5182 propagati
1357 5128 1421 5170 snit.

159 5162 266 5215 riennisi
280 5171 459 5219 trecentorum
473 5182 596 5236 passuum
610 5172 697 5239 stratio
711 5174 783 5227 inter
793 5174 945 5230 Caucasum
1038 5189 1050 5216 ⁰
1073 5179 1164 5241 iret..
1179 5196 1247 5235 onais
1262 5192 1360 5236 octono.

160 5241 281 5286 iriontcru
294 5243 320 5286 ct
336 5248 410 5290 rrrare
424 5236 583 5293 llireancurn
598 5249 680 5307 patet,
698 5243 870 5312 inamirietuue
883 5245 946 5300 valli
1034 5245 1046 5287 ί
1069 5250 1129 5313 etit,
1144 5248 1408 5321 aeromantiam
1423 5256 1480 5321 alii,
1495 5254 1611 5314 Baronto
1624 5261 1689 5316 dare
1701 5264 1761 5319 rili.

158 5302 339 5377 castellantia
362 5320 426 5373 rupe
446 5306 573 5361 Cumania
592 5311 717 5377 positura.
742 5313 778 5364 tbi
802 5324 866 5366 urbs
888 5324 941 5384 est,
1032 5329 1044 5365 s
1063 5317 1109 5375 Sic
1122 5318 1206 5387 Ciam,
1221 5322 1291 5394 quod
1304 5333 1331 5378 et
1341 5327 1433 5383 emtori
1445 5329 1545 5385 babent
1559 5326 1724 5401 frequentius
1743 5336 1790 5391 iu·

159 5369 306 5426 lierrnastis
321 5379 439 5441 nomine,
455 5392 537 5444 quam
557 5376 677 5444 obterit,
693 5378 719 5432 id
740 5393 781 5434 cst
800 5386 943 5453 Arrgustias
995 5390 1052 5453 fra;
1068 5390 1111 5444 bic
1125 5405 1199 5455 vero,
1215 5392 1379 5448 Seianorum.

157 5442 301 5509 appeltam,
317 5443 412 5500 furcis
428 5447 525 5511 fleuit,
537 5461 584 5499 seu
600 5445 686 5500 l'emir
699 5451 767 5517 capi.
1030 5455 1045 5496 l·
1064 5458 1132 5515 illac
1143 5461 1211 5516 forte
1222 5461 1517 5526 &taviniadictunest
1528 5472 1677 5528 vestimenti
1690 5489 1789 5543 gorius,

194 5510 312 5577 eules..
325 5514 611 5584 oecumenicaque
621 5516 731 5588 «ιιιιιιιιιιι
741 5520 942 5579 ruilliaclresn.
994 5546 1048 5594 <ruo
1059 5534 1158 5586 mento
1172 5546 1208 5586 ιιι
1224 5533 1357 5604 peregrini
1372 5537 1525 5605 utebantur,
1541 5556 1573 5596 os
1590 5544 1701 5598 Caesarii
1718 5546 1790 5597 titia-n

157 5577 207 5644 al,
222 5593 277 5637 set
290 5597 337 5639 ιιι.
369 5634 372 5639 .
995 5604 1029 5654 uc
1043 5598 1149 5665 iliram,
1161 5601 1325 5672 capp-lber
1344 5603 1385 5669 ta,
1402 5617 1564 5665 utouscrvat
1577 5612 1729 5676 alteserra,
1740 5618 1789 5683 qiu

192 5648 454 5707 ιιΙΙιιιιιιιΙιιιΙὶιιιιιιιιι
482 5653 606 5710 heresim
630 5657 753 5713 tuebatur
784 5661 942 5733 ileraclius,
996 5683 1022 5724 et
1037 5672 1220 5738 saxorricianr,
1236 5687 1269 5729 er
1283 5675 1422 5745 Augustini
1433 5694 1493 5750 cap.
1510 5678 1558 5735 tat
1571 5680 1673 5748 duest.
1687 5696 1777 5740 utrius

157 5730 215 5775 liure
231 5721 401 5778 Errtfctriamc
414 5722 521 5777 soboles
535 5737 602 5782 erat.
625 5727 687 5784 lituo
699 5743 796 5800 nentpe
809 5750 824 5788 e
838 5732 942 5792 duabus
996 5754 1049 5810 que
1063 5739 1149 5811 tesi..
1167 5742 1256 5798 laudat
