<?xml version="1.0" encoding="UTF-8"?>
<!DOCTYPE html PUBLIC "-//W3C//DTD XHTML 1.0 Transitional//EN"
    "http://www.w3.org/TR/xhtml1/DTD/xhtml1-transitional.dtd">
<html xmlns="http://www.w3.org/1999/xhtml" xml:lang="en" lang="en">
 <head>
  <title>
</title>
<meta http-equiv="Content-Type" content="text/html;charset=utf-8" />
  <meta name='ocr-system' content='tesseract 3.04.00' />
  <meta name='ocr-capabilities' content='ocr_page ocr_carea ocr_par ocr_line ocrx_word'/>
</head>
<body>
  <div class='ocr_page' id='page_1' title='image "./patrologiaecurs06unkngoog_0019.png"; bbox 0 0 3736 6248; ppageno 0'>
   <div class='ocr_carea' id='block_1_1' title="bbox 85 248 1728 361">
    <p class='ocr_par' dir='ltr' id='par_1_1' title="bbox 85 248 1728 361">
     <span class='ocr_line' id='line_1_1' title="bbox 85 248 1728 361; baseline -0.001 -11"><span class='ocrx_word' id='word_1_1' title='bbox 85 300 123 359; x_wconf 79' lang='lat' dir='ltr'><strong>rs</strong></span> <span class='ocrx_word' id='word_1_2' title='bbox 818 290 1013 350; x_wconf 75' lang='lat' dir='ltr'><strong>oteramo.</strong></span> <span class='ocrx_word' id='word_1_3' title='bbox 1635 248 1644 268; x_wconf 52' lang='lat'>⁸</span> <span class='ocrx_word' id='word_1_4' title='bbox 1670 300 1728 361; x_wconf 66' lang='lat' dir='ltr'><strong>vss</strong></span> 
     </span>
    </p>
   </div>
   <div class='ocr_carea' id='block_1_2' title="bbox 82 403 1806 3135">
    <p class='ocr_par' dir='ltr' id='par_1_2' title="bbox 82 403 1806 2852">
     <span class='ocr_line' id='line_1_2' title="bbox 85 403 1728 485; baseline 0 -13"><span class='ocrx_word' id='word_1_5' title='bbox 85 416 192 472; x_wconf 87' lang='lat' dir='ltr'><strong>sionem</strong></span> <span class='ocrx_word' id='word_1_6' title='bbox 206 413 346 485; x_wconf 78' lang='lat' dir='ltr'><strong>ampiexus</strong></span> <span class='ocrx_word' id='word_1_7' title='bbox 364 419 425 476; x_wconf 77' lang='grc' dir='ltr'><strong>ιιι.ι</strong></span> <span class='ocrx_word' id='word_1_8' title='bbox 439 409 514 470; x_wconf 86' lang='lat' dir='ltr'><strong>idem</strong></span> <span class='ocrx_word' id='word_1_9' title='bbox 528 407 641 482; x_wconf 89' lang='lat' dir='ltr'><strong>contigit</strong></span> <span class='ocrx_word' id='word_1_10' title='bbox 662 404 733 479; x_wconf 89' lang='lat' dir='ltr'><strong>apud</strong></span> <span class='ocrx_word' id='word_1_11' title='bbox 750 404 881 476; x_wconf 75' lang='lat' dir='ltr'><strong>wisigot·</strong></span> <span class='ocrx_word' id='word_1_12' title='bbox 894 408 920 467; x_wconf 78' lang='grc' dir='ltr'><strong>Α</strong></span> <span class='ocrx_word' id='word_1_13' title='bbox 932 404 981 460; x_wconf 89' lang='lat' dir='ltr'><strong>sed</strong></span> <span class='ocrx_word' id='word_1_14' title='bbox 994 403 1247 464; x_wconf 88' lang='lat' dir='ltr'><strong>oniosaoctoritate</strong></span> <span class='ocrx_word' id='word_1_15' title='bbox 1259 417 1352 479; x_wconf 77' lang='lat' dir='ltr'><strong>regum</strong></span> <span class='ocrx_word' id='word_1_16' title='bbox 1368 406 1453 467; x_wconf 85' lang='lat' dir='ltr'><strong>luisse</strong></span> <span class='ocrx_word' id='word_1_17' title='bbox 1465 407 1728 478; x_wconf 64' lang='lat' dir='ltr'><strong>intermiscuere</strong></span> 
     </span>
     <span class='ocr_line' id='line_1_3' title="bbox 85 493 1730 574; baseline 0.002 -14"><span class='ocrx_word' id='word_1_18' title='bbox 85 507 167 573; x_wconf 85' lang='lat' dir='ltr'><strong>tiros;</strong></span> <span class='ocrx_word' id='word_1_19' title='bbox 179 506 323 562; x_wconf 75' lang='lat' dir='ltr'>seminavit</span> <span class='ocrx_word' id='word_1_20' title='bbox 336 502 494 569; x_wconf 74' lang='lat' dir='ltr'><strong>chlotildis,</strong></span> <span class='ocrx_word' id='word_1_21' title='bbox 506 514 568 573; x_wconf 74' lang='lat' dir='ltr'><strong>quse</strong></span> <span class='ocrx_word' id='word_1_22' title='bbox 587 498 670 556; x_wconf 87' lang='lat' dir='ltr'><strong>etiarn</strong></span> <span class='ocrx_word' id='word_1_23' title='bbox 686 495 825 566; x_wconf 88' lang='lat' dir='ltr'><strong>sanguinis</strong></span> <span class='ocrx_word' id='word_1_24' title='bbox 838 493 883 552; x_wconf 91' lang='lat' dir='ltr'><strong>sol</strong></span> <span class='ocrx_word' id='word_1_25' title='bbox 934 494 1050 553; x_wconf 89' lang='lat' dir='ltr'><strong>ridetur.</strong></span> <span class='ocrx_word' id='word_1_26' title='bbox 1068 495 1167 554; x_wconf 80' lang='lat' dir='ltr'><strong>Verum</strong></span> <span class='ocrx_word' id='word_1_27' title='bbox 1180 497 1339 572; x_wconf 88' lang='lat' dir='ltr'><strong>siGregorii</strong></span> <span class='ocrx_word' id='word_1_28' title='bbox 1353 501 1447 567; x_wconf 86' lang='lat' dir='ltr'><strong>rerba,</strong></span> <span class='ocrx_word' id='word_1_29' title='bbox 1461 516 1560 574; x_wconf 84' lang='lat' dir='ltr'><strong>resque</strong></span> <span class='ocrx_word' id='word_1_30' title='bbox 1572 504 1607 562; x_wconf 88' lang='lat' dir='ltr'><strong>ab</strong></span> <span class='ocrx_word' id='word_1_31' title='bbox 1619 521 1653 563; x_wconf 86' lang='lat' dir='ltr'><strong>eo</strong></span> <span class='ocrx_word' id='word_1_32' title='bbox 1666 521 1730 563; x_wconf 92' lang='lat' dir='ltr'><strong>uss·</strong></span> 
     </span>
     <span class='ocr_line' id='line_1_4' title="bbox 84 587 1729 670; baseline 0 -17"><span class='ocrx_word' id='word_1_33' title='bbox 84 595 585 655; x_wconf 81' lang='lat' dir='ltr'><strong>eumioneudeicatuotterercrhaten</strong></span> <span class='ocrx_word' id='word_1_34' title='bbox 594 591 745 648; x_wconf 73' lang='lat' dir='ltr'><strong>amalarico</strong></span> <span class='ocrx_word' id='word_1_35' title='bbox 753 591 886 659; x_wconf 83' lang='lat' dir='ltr'><strong>regnanto</strong></span> <span class='ocrx_word' id='word_1_36' title='bbox 934 595 1008 643; x_wconf 84' lang='lat' dir='ltr'><strong>satas</strong></span> <span class='ocrx_word' id='word_1_37' title='bbox 1023 587 1103 656; x_wconf 71' lang='lat' dir='ltr'><strong>mulo</strong></span> <span class='ocrx_word' id='word_1_38' title='bbox 1122 589 1275 645; x_wconf 69' lang='lat' dir='ltr'>accuratius</span> <span class='ocrx_word' id='word_1_39' title='bbox 1289 590 1495 660; x_wconf 86' lang='lat' dir='ltr'><strong>perpendamus,</strong></span> <span class='ocrx_word' id='word_1_40' title='bbox 1511 609 1606 652; x_wconf 86' lang='lat' dir='ltr'><strong>eorum</strong></span> <span class='ocrx_word' id='word_1_41' title='bbox 1624 605 1729 670; x_wconf 75' lang='lat' dir='ltr'><strong>mespo-</strong></span> 
     </span>
     <span class='ocr_line' id='line_1_5' title="bbox 83 677 1727 762; baseline -0.001 -14"><span class='ocrx_word' id='word_1_42' title='bbox 83 691 213 750; x_wconf 82' lang='lat' dir='ltr'><strong>asseruit</strong></span> <span class='ocrx_word' id='word_1_43' title='bbox 229 691 351 762; x_wconf 85' lang='lat' dir='ltr'><strong>irrigarit</strong></span> <span class='ocrx_word' id='word_1_44' title='bbox 362 688 499 762; x_wconf 91' lang='lat' dir='ltr'><strong>ingundis,</strong></span> <span class='ocrx_word' id='word_1_45' title='bbox 511 701 571 742; x_wconf 91' lang='lat' dir='ltr'><strong>corn</strong></span> <span class='ocrx_word' id='word_1_46' title='bbox 587 681 811 754; x_wconf 81' lang='lat' dir='ltr'><strong>hermenegildus</strong></span> <span class='ocrx_word' id='word_1_47' title='bbox 823 680 882 751; x_wconf 77' lang='lat' dir='ltr'><strong>cius</strong></span> <span class='ocrx_word' id='word_1_48' title='bbox 933 692 991 734; x_wconf 90' lang='lat' dir='ltr'><strong>rum</strong></span> <span class='ocrx_word' id='word_1_49' title='bbox 1007 677 1175 747; x_wconf 66' lang='lat' dir='ltr'><strong>disciplinam</strong></span> <span class='ocrx_word' id='word_1_50' title='bbox 1199 679 1279 737; x_wconf 88' lang='lat' dir='ltr'><strong>tatem</strong></span> <span class='ocrx_word' id='word_1_51' title='bbox 1295 681 1377 739; x_wconf 88' lang='lat' dir='ltr'><strong>inisse</strong></span> <span class='ocrx_word' id='word_1_52' title='bbox 1395 682 1727 760; x_wconf 72' lang='lat' dir='ltr'><strong>animadversumque</strong></span> 
     </span>
     <span class='ocr_line' id='line_1_6' title="bbox 83 771 1730 854; baseline -0.002 -13"><span class='ocrx_word' id='word_1_53' title='bbox 83 784 196 854; x_wconf 80' lang='lat' dir='ltr'><strong>conjux,</strong></span> <span class='ocrx_word' id='word_1_54' title='bbox 210 783 309 839; x_wconf 76' lang='lat' dir='ltr'><strong>Ariana</strong></span> <span class='ocrx_word' id='word_1_55' title='bbox 325 782 424 838; x_wconf 77' lang='lat' dir='ltr'><strong>heresi</strong></span> <span class='ocrx_word' id='word_1_56' title='bbox 435 783 559 846; x_wconf 83' lang='lat' dir='ltr'><strong>eiurata,</strong></span> <span class='ocrx_word' id='word_1_57' title='bbox 579 777 613 834; x_wconf 88' lang='lat' dir='ltr'><strong>ad</strong></span> <span class='ocrx_word' id='word_1_58' title='bbox 626 776 705 833; x_wconf 90' lang='lat' dir='ltr'><strong>iidem</strong></span> <span class='ocrx_word' id='word_1_59' title='bbox 719 773 880 831; x_wconf 69' lang='lat' dir='ltr'><strong>catholicam</strong></span> <span class='ocrx_word' id='word_1_60' title='bbox 932 771 970 826; x_wconf 91' lang='lat' dir='ltr'><strong>ita</strong></span> <span class='ocrx_word' id='word_1_61' title='bbox 990 787 1082 841; x_wconf 87' lang='lat' dir='ltr'><strong>regum</strong></span> <span class='ocrx_word' id='word_1_62' title='bbox 1101 773 1254 830; x_wconf 69' lang='lat' dir='ltr'><strong>auctoritati</strong></span> <span class='ocrx_word' id='word_1_63' title='bbox 1274 775 1431 844; x_wconf 81' lang='lat' dir='ltr'><strong>providerit,</strong></span> <span class='ocrx_word' id='word_1_64' title='bbox 1447 786 1476 831; x_wconf 92' lang='lat' dir='ltr'><strong>ot</strong></span> <span class='ocrx_word' id='word_1_65' title='bbox 1490 791 1623 836; x_wconf 87' lang='lat' dir='ltr'><strong>canonum</strong></span> <span class='ocrx_word' id='word_1_66' title='bbox 1641 783 1730 838; x_wconf 84' lang='lat' dir='ltr'><strong>ecclc·</strong></span> 
     </span>
     <span class='ocr_line' id='line_1_7' title="bbox 82 861 1726 943; baseline -0.001 -12"><span class='ocrx_word' id='word_1_67' title='bbox 82 875 201 933; x_wconf 88' lang='lat' dir='ltr'><strong>accessit</strong></span> <span class='ocrx_word' id='word_1_68' title='bbox 212 890 220 931; x_wconf 92' lang='lat'>:</span> <span class='ocrx_word' id='word_1_69' title='bbox 230 885 259 931; x_wconf 89' lang='lat' dir='ltr'><strong>at</strong></span> <span class='ocrx_word' id='word_1_70' title='bbox 269 875 367 933; x_wconf 89' lang='lat' dir='ltr'><strong>messis</strong></span> <span class='ocrx_word' id='word_1_71' title='bbox 380 873 487 943; x_wconf 86' lang='lat' dir='ltr'><strong>integra</strong></span> <span class='ocrx_word' id='word_1_72' title='bbox 496 877 657 942; x_wconf 83' lang='lat' dir='ltr'><strong>congregata</strong></span> <span class='ocrx_word' id='word_1_73' title='bbox 670 866 731 935; x_wconf 86' lang='lat' dir='ltr'><strong>luit,</strong></span> <span class='ocrx_word' id='word_1_74' title='bbox 742 879 805 921; x_wconf 92' lang='lat' dir='ltr'><strong>curn</strong></span> <span class='ocrx_word' id='word_1_75' title='bbox 813 863 883 919; x_wconf 85' lang='lat' dir='ltr'><strong>liec-</strong></span> <span class='ocrx_word' id='word_1_76' title='bbox 931 861 1103 919; x_wconf 87' lang='lat' dir='ltr'><strong>siasticorum</strong></span> <span class='ocrx_word' id='word_1_77' title='bbox 1115 863 1233 934; x_wconf 87' lang='lat' dir='ltr'><strong>rigorem</strong></span> <span class='ocrx_word' id='word_1_78' title='bbox 1247 879 1302 920; x_wconf 91' lang='lat' dir='ltr'><strong>non</strong></span> <span class='ocrx_word' id='word_1_79' title='bbox 1316 865 1492 923; x_wconf 74' lang='lat' dir='ltr'><strong>convelleret.</strong></span> <span class='ocrx_word' id='word_1_80' title='bbox 1503 868 1535 926; x_wconf 79' lang='lat' dir='ltr'><strong>lit</strong></span> <span class='ocrx_word' id='word_1_81' title='bbox 1545 870 1652 940; x_wconf 82' lang='lat' dir='ltr'><strong>quidem</strong></span> <span class='ocrx_word' id='word_1_82' title='bbox 1664 887 1726 930; x_wconf 85' lang='grc' dir='ltr'><strong>ιιιιι</strong></span> 
     </span>
     <span class='ocr_line' id='line_1_8' title="bbox 83 954 1726 1038; baseline -0.004 -13"><span class='ocrx_word' id='word_1_83' title='bbox 83 966 185 1025; x_wconf 81' lang='lat' dir='ltr'><strong>caredo</strong></span> <span class='ocrx_word' id='word_1_84' title='bbox 198 981 264 1038; x_wconf 89' lang='lat' dir='ltr'><strong>rege</strong></span> <span class='ocrx_word' id='word_1_85' title='bbox 277 975 331 1022; x_wconf 89' lang='lat' dir='ltr'><strong>tota</strong></span> <span class='ocrx_word' id='word_1_86' title='bbox 346 963 577 1033; x_wconf 70' lang='lat' dir='ltr'><strong>wisigotthorum</strong></span> <span class='ocrx_word' id='word_1_87' title='bbox 592 974 659 1030; x_wconf 90' lang='lat' dir='ltr'><strong>gens</strong></span> <span class='ocrx_word' id='word_1_88' title='bbox 678 956 819 1014; x_wconf 80' lang='lat' dir='ltr'><strong>catholice</strong></span> <span class='ocrx_word' id='word_1_89' title='bbox 830 954 882 1010; x_wconf 81' lang='lat' dir='ltr'><strong>Ec-</strong></span> <span class='ocrx_word' id='word_1_90' title='bbox 932 961 1007 1011; x_wconf 85' lang='lat' dir='ltr'><strong>tanta</strong></span> <span class='ocrx_word' id='word_1_91' title='bbox 1022 963 1085 1012; x_wconf 92' lang='lat' dir='ltr'><strong>tunc</strong></span> <span class='ocrx_word' id='word_1_92' title='bbox 1099 964 1184 1022; x_wconf 86' lang='lat' dir='ltr'><strong>esset,</strong></span> <span class='ocrx_word' id='word_1_93' title='bbox 1196 956 1235 1013; x_wconf 92' lang='lat' dir='ltr'><strong>uti</strong></span> <span class='ocrx_word' id='word_1_94' title='bbox 1249 971 1282 1013; x_wconf 86' lang='lat' dir='ltr'><strong>es</strong></span> <span class='ocrx_word' id='word_1_95' title='bbox 1295 957 1427 1028; x_wconf 76' lang='lat' dir='ltr'><strong>Gregorio</strong></span> <span class='ocrx_word' id='word_1_96' title='bbox 1445 959 1658 1029; x_wconf 73' lang='lat' dir='ltr'><strong>obscurissimos,</strong></span> <span class='ocrx_word' id='word_1_97' title='bbox 1670 964 1726 1033; x_wconf 91' lang='lat' dir='ltr'><strong>epi·</strong></span> 
     </span>
     <span class='ocr_line' id='line_1_9' title="bbox 84 1044 1726 1122; baseline -0.003 -9"><span class='ocrx_word' id='word_1_98' title='bbox 84 1055 177 1115; x_wconf 78' lang='lat' dir='ltr'><strong>etesia</strong></span> <span class='ocrx_word' id='word_1_99' title='bbox 190 1068 289 1111; x_wconf 90' lang='lat' dir='ltr'><strong>nornen</strong></span> <span class='ocrx_word' id='word_1_100' title='bbox 304 1052 390 1108; x_wconf 87' lang='lat' dir='ltr'><strong>dedit.</strong></span> <span class='ocrx_word' id='word_1_101' title='bbox 404 1052 460 1107; x_wconf 81' lang='lat' dir='ltr'><strong>hec</strong></span> <span class='ocrx_word' id='word_1_102' title='bbox 474 1051 562 1107; x_wconf 88' lang='lat' dir='ltr'><strong>miuus</strong></span> <span class='ocrx_word' id='word_1_103' title='bbox 572 1047 711 1106; x_wconf 73' lang='lat' dir='ltr'><strong>feliciores</strong></span> <span class='ocrx_word' id='word_1_104' title='bbox 724 1046 798 1102; x_wconf 88' lang='lat' dir='ltr'><strong>luero</strong></span> <span class='ocrx_word' id='word_1_105' title='bbox 817 1044 882 1100; x_wconf 87' lang='lat' dir='ltr'><strong>Ber·</strong></span> <span class='ocrx_word' id='word_1_106' title='bbox 931 1059 1074 1116; x_wconf 89' lang='lat' dir='ltr'><strong>scoporom</strong></span> <span class='ocrx_word' id='word_1_107' title='bbox 1091 1047 1117 1102; x_wconf 92' lang='lat' dir='ltr'><strong>in</strong></span> <span class='ocrx_word' id='word_1_108' title='bbox 1131 1060 1216 1119; x_wconf 88' lang='lat' dir='ltr'><strong>ragno</strong></span> <span class='ocrx_word' id='word_1_109' title='bbox 1235 1049 1380 1105; x_wconf 89' lang='lat' dir='ltr'><strong>auctoritas</strong></span> <span class='ocrx_word' id='word_1_110' title='bbox 1399 1058 1427 1105; x_wconf 91' lang='lat' dir='ltr'><strong>et</strong></span> <span class='ocrx_word' id='word_1_111' title='bbox 1440 1049 1569 1122; x_wconf 89' lang='lat' dir='ltr'><strong>dignitas,</strong></span> <span class='ocrx_word' id='word_1_112' title='bbox 1585 1053 1653 1109; x_wconf 86' lang='lat' dir='ltr'><strong>nihil</strong></span> <span class='ocrx_word' id='word_1_113' title='bbox 1673 1067 1726 1109; x_wconf 91' lang='lat' dir='ltr'><strong>nou</strong></span> 
     </span>
     <span class='ocr_line' id='line_1_10' title="bbox 84 1136 1726 1217; baseline -0.004 -10"><span class='ocrx_word' id='word_1_114' title='bbox 84 1147 140 1207; x_wconf 75' lang='lat' dir='ltr'><strong>me</strong></span> <span class='ocrx_word' id='word_1_115' title='bbox 159 1149 187 1204; x_wconf 91' lang='lat' dir='ltr'><strong>in</strong></span> <span class='ocrx_word' id='word_1_116' title='bbox 203 1146 298 1217; x_wconf 82' lang='lat' dir='ltr'><strong>singlis</strong></span> <span class='ocrx_word' id='word_1_117' title='bbox 313 1153 444 1212; x_wconf 84' lang='lat' dir='ltr'><strong>consitus,</strong></span> <span class='ocrx_word' id='word_1_118' title='bbox 467 1159 528 1215; x_wconf 80' lang='lat' dir='ltr'><strong>quae</strong></span> <span class='ocrx_word' id='word_1_119' title='bbox 542 1144 629 1197; x_wconf 84' lang='lat' dir='ltr'><strong>uirum</strong></span> <span class='ocrx_word' id='word_1_120' title='bbox 650 1155 748 1208; x_wconf 88' lang='lat' dir='ltr'><strong>suum,</strong></span> <span class='ocrx_word' id='word_1_121' title='bbox 765 1138 880 1209; x_wconf 91' lang='lat' dir='ltr'><strong>primum</strong></span> <span class='ocrx_word' id='word_1_122' title='bbox 931 1136 1015 1208; x_wconf 89' lang='lat' dir='ltr'><strong>magis</strong></span> <span class='ocrx_word' id='word_1_123' title='bbox 1028 1137 1124 1195; x_wconf 85' lang='lat' dir='ltr'><strong>rationi</strong></span> <span class='ocrx_word' id='word_1_124' title='bbox 1135 1146 1162 1193; x_wconf 90' lang='lat' dir='ltr'><strong>et</strong></span> <span class='ocrx_word' id='word_1_125' title='bbox 1173 1139 1292 1211; x_wconf 77' lang='lat' dir='ltr'><strong>equitati</strong></span> <span class='ocrx_word' id='word_1_126' title='bbox 1305 1150 1516 1197; x_wconf 85' lang='lat' dir='ltr'><strong>consentaneum</strong></span> <span class='ocrx_word' id='word_1_127' title='bbox 1530 1142 1681 1212; x_wconf 87' lang='lat' dir='ltr'><strong>luit,qustu</strong></span> <span class='ocrx_word' id='word_1_128' title='bbox 1696 1152 1726 1200; x_wconf 92' lang='lat' dir='ltr'><strong>ut</strong></span> 
     </span>
     <span class='ocr_line' id='line_1_11' title="bbox 84 1227 1725 1310; baseline -0.001 -19"><span class='ocrx_word' id='word_1_129' title='bbox 84 1237 193 1310; x_wconf 85' lang='lat' dir='ltr'><strong>quidem</strong></span> <span class='ocrx_word' id='word_1_130' title='bbox 216 1253 321 1296; x_wconf 89' lang='lat' dir='ltr'><strong>morum</strong></span> <span class='ocrx_word' id='word_1_131' title='bbox 342 1236 477 1293; x_wconf 80' lang='lat' dir='ltr'><strong>suauitate</strong></span> <span class='ocrx_word' id='word_1_132' title='bbox 490 1233 618 1299; x_wconf 88' lang='lat' dir='ltr'><strong>lenitum,</strong></span> <span class='ocrx_word' id='word_1_133' title='bbox 641 1246 673 1287; x_wconf 89' lang='lat' dir='ltr'><strong>ac</strong></span> <span class='ocrx_word' id='word_1_134' title='bbox 688 1241 779 1300; x_wconf 87' lang='lat' dir='ltr'><strong>postea</strong></span> <span class='ocrx_word' id='word_1_135' title='bbox 793 1230 880 1285; x_wconf 89' lang='lat' dir='ltr'><strong>suncti</strong></span> <span class='ocrx_word' id='word_1_136' title='bbox 930 1242 1010 1284; x_wconf 86' lang='lat' dir='ltr'><strong>nemo</strong></span> <span class='ocrx_word' id='word_1_137' title='bbox 1022 1227 1081 1284; x_wconf 89' lang='lat' dir='ltr'><strong>siue</strong></span> <span class='ocrx_word' id='word_1_138' title='bbox 1092 1228 1163 1300; x_wconf 89' lang='lat' dir='ltr'><strong>regis</strong></span> <span class='ocrx_word' id='word_1_139' title='bbox 1172 1243 1311 1286; x_wconf 89' lang='lat' dir='ltr'><strong>consensu</strong></span> <span class='ocrx_word' id='word_1_140' title='bbox 1321 1240 1348 1285; x_wconf 89' lang='lat' dir='ltr'><strong>ct</strong></span> <span class='ocrx_word' id='word_1_141' title='bbox 1362 1233 1521 1289; x_wconf 88' lang='lat' dir='ltr'><strong>auctoritate</strong></span> <span class='ocrx_word' id='word_1_142' title='bbox 1534 1232 1725 1306; x_wconf 87' lang='lat' dir='ltr'><strong>huncgrsduut</strong></span> 
     </span>
     <span class='ocr_line' id='line_1_12' title="bbox 84 1319 1727 1401; baseline -0.004 -14"><span class='ocrx_word' id='word_1_143' title='bbox 84 1330 226 1401; x_wconf 78' lang='lat' dir='ltr'><strong>Augustini</strong></span> <span class='ocrx_word' id='word_1_144' title='bbox 240 1331 408 1401; x_wconf 86' lang='lat' dir='ltr'><strong>aliorumque</strong></span> <span class='ocrx_word' id='word_1_145' title='bbox 431 1331 624 1387; x_wconf 85' lang='lat' dir='ltr'><strong>monachorum</strong></span> <span class='ocrx_word' id='word_1_146' title='bbox 639 1341 655 1381; x_wconf 91' lang='lat' dir='ltr'><strong>a</strong></span> <span class='ocrx_word' id='word_1_147' title='bbox 669 1325 800 1396; x_wconf 74' lang='lat' dir='ltr'><strong>Gregorio</strong></span> <span class='ocrx_word' id='word_1_148' title='bbox 822 1323 880 1379; x_wconf 87' lang='lat' dir='ltr'><strong>iia·</strong></span> <span class='ocrx_word' id='word_1_149' title='bbox 930 1319 1143 1389; x_wconf 88' lang='lat' dir='ltr'><strong>adipisceretur;</strong></span> <span class='ocrx_word' id='word_1_150' title='bbox 1160 1321 1235 1379; x_wconf 91' lang='lat' dir='ltr'><strong>sicut</strong></span> <span class='ocrx_word' id='word_1_151' title='bbox 1256 1331 1284 1378; x_wconf 91' lang='lat' dir='ltr'><strong>ct</strong></span> <span class='ocrx_word' id='word_1_152' title='bbox 1301 1336 1337 1379; x_wconf 82' lang='lat' dir='ltr'><strong>eu</strong></span> <span class='ocrx_word' id='word_1_153' title='bbox 1356 1323 1441 1380; x_wconf 87' lang='lat' dir='ltr'><strong>altera</strong></span> <span class='ocrx_word' id='word_1_154' title='bbox 1460 1331 1555 1394; x_wconf 85' lang='lat' dir='ltr'><strong>parte,</strong></span> <span class='ocrx_word' id='word_1_155' title='bbox 1575 1325 1600 1381; x_wconf 88' lang='lat' dir='ltr'><strong>si</strong></span> <span class='ocrx_word' id='word_1_156' title='bbox 1617 1325 1727 1398; x_wconf 81' lang='lat' dir='ltr'><strong>quidam</strong></span> 
     </span>
     <span class='ocr_line' id='line_1_13' title="bbox 85 1411 1725 1496; baseline 0 -20"><span class='ocrx_word' id='word_1_157' title='bbox 85 1437 140 1496; x_wconf 88' lang='lat' dir='ltr'><strong>gno</strong></span> <span class='ocrx_word' id='word_1_158' title='bbox 154 1436 188 1479; x_wconf 84' lang='lat' dir='ltr'><strong>cs</strong></span> <span class='ocrx_word' id='word_1_159' title='bbox 202 1421 278 1478; x_wconf 87' lang='lat' dir='ltr'><strong>italia</strong></span> <span class='ocrx_word' id='word_1_160' title='bbox 292 1420 439 1477; x_wconf 88' lang='lat' dir='ltr'><strong>missorum</strong></span> <span class='ocrx_word' id='word_1_161' title='bbox 452 1415 686 1490; x_wconf 80' lang='lat' dir='ltr'><strong>predicationibus</strong></span> <span class='ocrx_word' id='word_1_162' title='bbox 696 1412 879 1471; x_wconf 70' lang='lat' dir='ltr'><strong>Christianum</strong></span> <span class='ocrx_word' id='word_1_163' title='bbox 927 1411 1003 1485; x_wconf 78' lang='lat' dir='ltr'><strong>juxta</strong></span> <span class='ocrx_word' id='word_1_164' title='bbox 1017 1426 1111 1471; x_wconf 86' lang='lat' dir='ltr'><strong>eorum</strong></span> <span class='ocrx_word' id='word_1_165' title='bbox 1127 1424 1278 1484; x_wconf 90' lang='lat' dir='ltr'><strong>temporum</strong></span> <span class='ocrx_word' id='word_1_166' title='bbox 1288 1414 1457 1487; x_wconf 88' lang='lat' dir='ltr'><strong>disciplinam</strong></span> <span class='ocrx_word' id='word_1_167' title='bbox 1470 1417 1598 1473; x_wconf 78' lang='lat' dir='ltr'><strong>Ecclesiae</strong></span> <span class='ocrx_word' id='word_1_168' title='bbox 1607 1419 1725 1476; x_wconf 79' lang='lat' dir='ltr'><strong>viduatae</strong></span> 
     </span>
     <span class='ocr_line' id='line_1_14' title="bbox 84 1502 1728 1580; baseline 0 -13"><span class='ocrx_word' id='word_1_169' title='bbox 84 1512 185 1571; x_wconf 81' lang='lat' dir='ltr'><strong>iactum</strong></span> <span class='ocrx_word' id='word_1_170' title='bbox 200 1511 294 1569; x_wconf 87' lang='lat' dir='ltr'><strong>ridere</strong></span> <span class='ocrx_word' id='word_1_171' title='bbox 307 1511 416 1567; x_wconf 91' lang='lat' dir='ltr'><strong>meruit.</strong></span> <span class='ocrx_word' id='word_1_172' title='bbox 427 1509 515 1580; x_wconf 76' lang='lat' dir='ltr'><strong>itque</strong></span> <span class='ocrx_word' id='word_1_173' title='bbox 530 1509 579 1573; x_wconf 91' lang='lat' dir='ltr'><strong>ita,</strong></span> <span class='ocrx_word' id='word_1_174' title='bbox 591 1507 671 1578; x_wconf 80' lang='lat' dir='ltr'><strong>justa</strong></span> <span class='ocrx_word' id='word_1_175' title='bbox 683 1503 805 1575; x_wconf 73' lang='lat' dir='ltr'><strong>Apostoli</strong></span> <span class='ocrx_word' id='word_1_176' title='bbox 818 1518 880 1559; x_wconf 92' lang='lat' dir='ltr'><strong>sen·</strong></span> <span class='ocrx_word' id='word_1_177' title='bbox 929 1502 1070 1565; x_wconf 86' lang='lat' dir='ltr'><strong>electionis</strong></span> <span class='ocrx_word' id='word_1_178' title='bbox 1089 1503 1215 1579; x_wconf 83' lang='lat' dir='ltr'><strong>libertate</strong></span> <span class='ocrx_word' id='word_1_179' title='bbox 1231 1505 1396 1577; x_wconf 84' lang='lat' dir='ltr'><strong>gauderent,</strong></span> <span class='ocrx_word' id='word_1_180' title='bbox 1409 1521 1514 1579; x_wconf 81' lang='lat' dir='ltr'><strong>aequom</strong></span> <span class='ocrx_word' id='word_1_181' title='bbox 1528 1508 1609 1564; x_wconf 88' lang='lat' dir='ltr'><strong>etiam</strong></span> <span class='ocrx_word' id='word_1_182' title='bbox 1627 1520 1685 1567; x_wconf 88' lang='lat' dir='ltr'><strong>erat</strong></span> <span class='ocrx_word' id='word_1_183' title='bbox 1698 1521 1728 1569; x_wconf 91' lang='lat' dir='ltr'><strong>ut</strong></span> 
     </span>
     <span class='ocr_line' id='line_1_15' title="bbox 83 1594 1726 1668; baseline 0.001 -12"><span class='ocrx_word' id='word_1_184' title='bbox 83 1601 208 1665; x_wconf 89' lang='lat' dir='ltr'><strong>tentiam,</strong></span> <span class='ocrx_word' id='word_1_185' title='bbox 223 1600 273 1659; x_wconf 90' lang='lat' dir='ltr'><strong>riri</strong></span> <span class='ocrx_word' id='word_1_186' title='bbox 289 1599 414 1657; x_wconf 86' lang='lat' dir='ltr'><strong>inlideies</strong></span> <span class='ocrx_word' id='word_1_187' title='bbox 426 1614 442 1653; x_wconf 88' lang='lat' dir='ltr'><strong>a</strong></span> <span class='ocrx_word' id='word_1_188' title='bbox 455 1598 612 1657; x_wconf 86' lang='lat' dir='ltr'><strong>mulieribus</strong></span> <span class='ocrx_word' id='word_1_189' title='bbox 626 1594 750 1653; x_wconf 92' lang='lat' dir='ltr'><strong>tidelibus</strong></span> <span class='ocrx_word' id='word_1_190' title='bbox 760 1594 881 1653; x_wconf 83' lang='lat' dir='ltr'><strong>sarrctiii·</strong></span> <span class='ocrx_word' id='word_1_191' title='bbox 929 1594 984 1651; x_wconf 80' lang='lat' dir='ltr'><strong>ille</strong></span> <span class='ocrx_word' id='word_1_192' title='bbox 997 1598 1052 1655; x_wconf 84' lang='lat' dir='ltr'><strong>suis</strong></span> <span class='ocrx_word' id='word_1_193' title='bbox 1065 1595 1191 1668; x_wconf 87' lang='lat' dir='ltr'><strong>legitimis</strong></span> <span class='ocrx_word' id='word_1_194' title='bbox 1208 1597 1313 1666; x_wconf 78' lang='lat' dir='ltr'><strong>iuribus</strong></span> <span class='ocrx_word' id='word_1_195' title='bbox 1332 1596 1494 1656; x_wconf 90' lang='lat' dir='ltr'><strong>iruereusur.</strong></span> <span class='ocrx_word' id='word_1_196' title='bbox 1516 1599 1663 1658; x_wconf 90' lang='lat' dir='ltr'><strong>Sicautem</strong></span> <span class='ocrx_word' id='word_1_197' title='bbox 1681 1619 1726 1661; x_wconf 88' lang='lat' dir='ltr'><strong>res</strong></span> 
     </span>
     <span class='ocr_line' id='line_1_16' title="bbox 84 1687 1806 1762; baseline 0.002 -15"><span class='ocrx_word' id='word_1_198' title='bbox 84 1693 152 1761; x_wconf 87' lang='lat' dir='ltr'><strong>cati,</strong></span> <span class='ocrx_word' id='word_1_199' title='bbox 166 1691 315 1749; x_wconf 84' lang='lat' dir='ltr'><strong>Ecclesiam</strong></span> <span class='ocrx_word' id='word_1_200' title='bbox 329 1691 492 1751; x_wconf 83' lang='lat' dir='ltr'><strong>catholicam</strong></span> <span class='ocrx_word' id='word_1_201' title='bbox 514 1705 562 1762; x_wconf 87' lang='lat' dir='ltr'><strong>per</strong></span> <span class='ocrx_word' id='word_1_202' title='bbox 577 1699 660 1743; x_wconf 81' lang='lat' dir='ltr'><strong>toturn</strong></span> <span class='ocrx_word' id='word_1_203' title='bbox 673 1689 730 1744; x_wconf 88' lang='lat' dir='ltr'><strong>iero</strong></span> <span class='ocrx_word' id='word_1_204' title='bbox 743 1687 878 1756; x_wconf 83' lang='lat' dir='ltr'><strong>Europam</strong></span> <span class='ocrx_word' id='word_1_205' title='bbox 927 1688 1068 1758; x_wconf 81' lang='lat' dir='ltr'><strong>agebatur.</strong></span> <span class='ocrx_word' id='word_1_206' title='bbox 1082 1688 1364 1762; x_wconf 88' lang='lat' dir='ltr'><strong>iieiunetoepiscopo,</strong></span> <span class='ocrx_word' id='word_1_207' title='bbox 1379 1691 1475 1747; x_wconf 89' lang='lat' dir='ltr'><strong>eiectio</strong></span> <span class='ocrx_word' id='word_1_208' title='bbox 1488 1693 1653 1750; x_wconf 86' lang='lat' dir='ltr'><strong>successoris</strong></span> <span class='ocrx_word' id='word_1_209' title='bbox 1671 1702 1726 1751; x_wconf 88' lang='lat' dir='ltr'><strong>sta·</strong></span> <span class='ocrx_word' id='word_1_210' title='bbox 1804 1717 1806 1722; x_wconf 92' lang='lat'>·</span> 
     </span>
     <span class='ocr_line' id='line_1_17' title="bbox 83 1766 1726 1857; baseline 0.001 -18"><span class='ocrx_word' id='word_1_211' title='bbox 83 1784 293 1856; x_wconf 71' lang='lat' dir='ltr'><strong>amplificarunt.</strong></span> <span class='ocrx_word' id='word_1_212' title='bbox 305 1784 366 1841; x_wconf 89' lang='lat' dir='ltr'><strong>lam</strong></span> <span class='ocrx_word' id='word_1_213' title='bbox 375 1785 474 1857; x_wconf 87' lang='lat' dir='ltr'><strong>quippe</strong></span> <span class='ocrx_word' id='word_1_214' title='bbox 485 1793 566 1841; x_wconf 88' lang='lat' dir='ltr'><strong>antea</strong></span> <span class='ocrx_word' id='word_1_215' title='bbox 578 1781 785 1852; x_wconf 81' lang='lat' dir='ltr'><strong>Burgundiones</strong></span> <span class='ocrx_word' id='word_1_216' title='bbox 799 1779 880 1836; x_wconf 87' lang='lat' dir='ltr'><strong>isdem</strong></span> <span class='ocrx_word' id='word_1_217' title='bbox 894 1766 919 1826; x_wconf 88' lang='grc' dir='ltr'><strong>Β</strong></span> <span class='ocrx_word' id='word_1_218' title='bbox 933 1777 979 1833; x_wconf 90' lang='lat' dir='ltr'><strong>tim</strong></span> <span class='ocrx_word' id='word_1_219' title='bbox 1001 1777 1030 1833; x_wconf 89' lang='lat' dir='ltr'><strong>in</strong></span> <span class='ocrx_word' id='word_1_220' title='bbox 1049 1793 1080 1834; x_wconf 92' lang='lat' dir='ltr'><strong>ea</strong></span> <span class='ocrx_word' id='word_1_221' title='bbox 1100 1779 1183 1835; x_wconf 84' lang='lat' dir='ltr'><strong>tiebat</strong></span> <span class='ocrx_word' id='word_1_222' title='bbox 1194 1779 1312 1846; x_wconf 83' lang='lat' dir='ltr'><strong>civitate,</strong></span> <span class='ocrx_word' id='word_1_223' title='bbox 1329 1797 1389 1851; x_wconf 84' lang='lat' dir='ltr'><strong>quar</strong></span> <span class='ocrx_word' id='word_1_224' title='bbox 1409 1793 1466 1837; x_wconf 91' lang='lat' dir='ltr'><strong>erat</strong></span> <span class='ocrx_word' id='word_1_225' title='bbox 1482 1792 1591 1854; x_wconf 90' lang='lat' dir='ltr'><strong>pastore</strong></span> <span class='ocrx_word' id='word_1_226' title='bbox 1603 1783 1726 1853; x_wconf 85' lang='lat' dir='ltr'><strong>ridusta;</strong></span> 
     </span>
     <span class='ocr_line' id='line_1_18' title="bbox 82 1870 1726 1947; baseline 0.001 -15"><span class='ocrx_word' id='word_1_227' title='bbox 82 1876 245 1932; x_wconf 79' lang='lat' dir='ltr'><strong>catholicam</strong></span> <span class='ocrx_word' id='word_1_228' title='bbox 256 1875 373 1946; x_wconf 87' lang='lat' dir='ltr'><strong>amplesi</strong></span> <span class='ocrx_word' id='word_1_229' title='bbox 390 1874 506 1940; x_wconf 87' lang='lat' dir='ltr'><strong>lucrant,</strong></span> <span class='ocrx_word' id='word_1_230' title='bbox 520 1882 549 1929; x_wconf 90' lang='lat' dir='ltr'><strong>et</strong></span> <span class='ocrx_word' id='word_1_231' title='bbox 564 1873 591 1929; x_wconf 87' lang='lat' dir='ltr'><strong>iti</strong></span> <span class='ocrx_word' id='word_1_232' title='bbox 604 1872 772 1929; x_wconf 86' lang='lat' dir='ltr'><strong>Francorum</strong></span> <span class='ocrx_word' id='word_1_233' title='bbox 787 1885 880 1928; x_wconf 85' lang='lat' dir='ltr'><strong>esern-</strong></span> <span class='ocrx_word' id='word_1_234' title='bbox 933 1877 989 1927; x_wconf 84' lang='lat' dir='ltr'><strong>tues</strong></span> <span class='ocrx_word' id='word_1_235' title='bbox 1004 1870 1061 1936; x_wconf 83' lang='lat' dir='ltr'><strong>ilie,</strong></span> <span class='ocrx_word' id='word_1_236' title='bbox 1078 1872 1104 1928; x_wconf 92' lang='lat' dir='ltr'><strong>iu</strong></span> <span class='ocrx_word' id='word_1_237' title='bbox 1118 1887 1198 1943; x_wconf 90' lang='lat' dir='ltr'><strong>quem</strong></span> <span class='ocrx_word' id='word_1_238' title='bbox 1213 1872 1338 1944; x_wconf 75' lang='lat' dir='ltr'><strong>suffragia</strong></span> <span class='ocrx_word' id='word_1_239' title='bbox 1357 1885 1551 1944; x_wconf 76' lang='lat' dir='ltr'><strong>convenerant,</strong></span> <span class='ocrx_word' id='word_1_240' title='bbox 1569 1888 1616 1931; x_wconf 90' lang='lat' dir='ltr'><strong>aot</strong></span> <span class='ocrx_word' id='word_1_241' title='bbox 1629 1877 1726 1947; x_wconf 87' lang='lat' dir='ltr'><strong>aliquis</strong></span> 
     </span>
     <span class='ocr_line' id='line_1_19' title="bbox 85 1963 1725 2038; baseline 0.003 -18"><span class='ocrx_word' id='word_1_242' title='bbox 85 1965 142 2037; x_wconf 89' lang='lat' dir='ltr'><strong>pio,</strong></span> <span class='ocrx_word' id='word_1_243' title='bbox 156 1980 188 2022; x_wconf 93' lang='lat' dir='ltr'><strong>ac</strong></span> <span class='ocrx_word' id='word_1_244' title='bbox 199 1966 312 2038; x_wconf 83' lang='lat' dir='ltr'><strong>Remigii</strong></span> <span class='ocrx_word' id='word_1_245' title='bbox 323 1981 416 2023; x_wconf 89' lang='lat' dir='ltr'><strong>eorum</strong></span> <span class='ocrx_word' id='word_1_246' title='bbox 428 1966 540 2037; x_wconf 86' lang='lat' dir='ltr'><strong>apostoli</strong></span> <span class='ocrx_word' id='word_1_247' title='bbox 550 1965 740 2021; x_wconf 80' lang='lat' dir='ltr'><strong>miraculorum</strong></span> <span class='ocrx_word' id='word_1_248' title='bbox 756 1963 824 2019; x_wconf 89' lang='lat' dir='ltr'><strong>latua</strong></span> <span class='ocrx_word' id='word_1_249' title='bbox 840 1965 866 2018; x_wconf 89' lang='lat' dir='ltr'><strong>iu</strong></span> <span class='ocrx_word' id='word_1_250' title='bbox 930 1963 989 2033; x_wconf 84' lang='lat' dir='ltr'><strong>ejus</strong></span> <span class='ocrx_word' id='word_1_251' title='bbox 1001 1964 1120 2030; x_wconf 86' lang='lat' dir='ltr'><strong>nominc,</strong></span> <span class='ocrx_word' id='word_1_252' title='bbox 1133 1965 1191 2021; x_wconf 86' lang='lat' dir='ltr'><strong>sire</strong></span> <span class='ocrx_word' id='word_1_253' title='bbox 1203 1964 1247 2021; x_wconf 91' lang='lat' dir='ltr'><strong>aiii</strong></span> <span class='ocrx_word' id='word_1_254' title='bbox 1261 1965 1296 2021; x_wconf 90' lang='lat' dir='ltr'><strong>ab</strong></span> <span class='ocrx_word' id='word_1_255' title='bbox 1310 1966 1365 2036; x_wconf 86' lang='lat' dir='ltr'><strong>ipsa</strong></span> <span class='ocrx_word' id='word_1_256' title='bbox 1377 1966 1495 2023; x_wconf 82' lang='lat' dir='ltr'><strong>Ecclesia</strong></span> <span class='ocrx_word' id='word_1_257' title='bbox 1507 1966 1603 2023; x_wconf 87' lang='lat' dir='ltr'><strong>deiecti</strong></span> <span class='ocrx_word' id='word_1_258' title='bbox 1617 1968 1725 2026; x_wconf 86' lang='lat' dir='ltr'><strong>delere·</strong></span> 
     </span>
     <span class='ocr_line' id='line_1_20' title="bbox 83 2052 1726 2130; baseline 0.002 -19"><span class='ocrx_word' id='word_1_259' title='bbox 83 2054 172 2120; x_wconf 90' lang='lat' dir='ltr'><strong>ducti,</strong></span> <span class='ocrx_word' id='word_1_260' title='bbox 184 2055 256 2128; x_wconf 89' lang='lat' dir='ltr'><strong>qood</strong></span> <span class='ocrx_word' id='word_1_261' title='bbox 268 2056 327 2126; x_wconf 82' lang='lat' dir='ltr'><strong>ipse</strong></span> <span class='ocrx_word' id='word_1_262' title='bbox 341 2057 435 2113; x_wconf 83' lang='lat' dir='ltr'><strong>htitus</strong></span> <span class='ocrx_word' id='word_1_263' title='bbox 452 2056 479 2111; x_wconf 91' lang='lat' dir='ltr'><strong>in</strong></span> <span class='ocrx_word' id='word_1_264' title='bbox 493 2055 637 2111; x_wconf 86' lang='lat' dir='ltr'><strong>collatione</strong></span> <span class='ocrx_word' id='word_1_265' title='bbox 650 2065 744 2111; x_wconf 89' lang='lat' dir='ltr'><strong>contra</strong></span> <span class='ocrx_word' id='word_1_266' title='bbox 763 2052 880 2109; x_wconf 76' lang='lat' dir='ltr'><strong>arianos</strong></span> <span class='ocrx_word' id='word_1_267' title='bbox 931 2053 995 2109; x_wconf 89' lang='lat' dir='ltr'><strong>bant</strong></span> <span class='ocrx_word' id='word_1_268' title='bbox 1004 2054 1038 2109; x_wconf 88' lang='lat' dir='ltr'><strong>ad</strong></span> <span class='ocrx_word' id='word_1_269' title='bbox 1050 2068 1140 2125; x_wconf 90' lang='lat' dir='ltr'><strong>regem</strong></span> <span class='ocrx_word' id='word_1_270' title='bbox 1149 2053 1290 2111; x_wconf 82' lang='lat' dir='ltr'><strong>electionis</strong></span> <span class='ocrx_word' id='word_1_271' title='bbox 1303 2055 1490 2122; x_wconf 87' lang='lat' dir='ltr'><strong>instrumenta,</strong></span> <span class='ocrx_word' id='word_1_272' title='bbox 1501 2071 1561 2126; x_wconf 81' lang='lat' dir='ltr'><strong>que</strong></span> <span class='ocrx_word' id='word_1_273' title='bbox 1571 2058 1595 2113; x_wconf 94' lang='lat' dir='ltr'><strong>si</strong></span> <span class='ocrx_word' id='word_1_274' title='bbox 1607 2058 1726 2130; x_wconf 86' lang='lat' dir='ltr'><strong>legitima</strong></span> 
     </span>
     <span class='ocr_line' id='line_1_21' title="bbox 84 2143 1724 2219; baseline 0.001 -17"><span class='ocrx_word' id='word_1_275' title='bbox 84 2156 218 2216; x_wconf 69' lang='lat' dir='ltr'><strong>presente</strong></span> <span class='ocrx_word' id='word_1_276' title='bbox 229 2146 407 2205; x_wconf 84' lang='lat' dir='ltr'><strong>Gundobaido</strong></span> <span class='ocrx_word' id='word_1_277' title='bbox 420 2158 485 2219; x_wconf 87' lang='lat' dir='ltr'><strong>rege</strong></span> <span class='ocrx_word' id='word_1_278' title='bbox 499 2145 569 2204; x_wconf 87' lang='lat' dir='ltr'><strong>iacta</strong></span> <span class='ocrx_word' id='word_1_279' title='bbox 584 2155 740 2204; x_wconf 88' lang='lat' dir='ltr'><strong>attestatur.</strong></span> <span class='ocrx_word' id='word_1_280' title='bbox 755 2145 791 2202; x_wconf 87' lang='lat' dir='ltr'><strong>lit</strong></span> <span class='ocrx_word' id='word_1_281' title='bbox 804 2146 879 2201; x_wconf 88' lang='lat' dir='ltr'><strong>nulla</strong></span> <span class='ocrx_word' id='word_1_282' title='bbox 928 2143 1077 2216; x_wconf 78' lang='lat' dir='ltr'><strong>iudicaret,</strong></span> <span class='ocrx_word' id='word_1_283' title='bbox 1093 2144 1214 2216; x_wconf 81' lang='lat' dir='ltr'><strong>nihilque</strong></span> <span class='ocrx_word' id='word_1_284' title='bbox 1234 2145 1261 2201; x_wconf 94' lang='lat' dir='ltr'><strong>in</strong></span> <span class='ocrx_word' id='word_1_285' title='bbox 1274 2144 1407 2202; x_wconf 90' lang='lat' dir='ltr'><strong>electione</strong></span> <span class='ocrx_word' id='word_1_286' title='bbox 1420 2145 1546 2201; x_wconf 79' lang='lat' dir='ltr'><strong>vitiosum</strong></span> <span class='ocrx_word' id='word_1_287' title='bbox 1561 2147 1724 2214; x_wconf 79' lang='lat' dir='ltr'><strong>adverteret,</strong></span> 
     </span>
     <span class='ocr_line' id='line_1_22' title="bbox 83 2231 1725 2308; baseline 0 -16"><span class='ocrx_word' id='word_1_288' title='bbox 83 2248 240 2308; x_wconf 78' lang='lat' dir='ltr'><strong>superesset</strong></span> <span class='ocrx_word' id='word_1_289' title='bbox 254 2239 281 2295; x_wconf 90' lang='grc' dir='ltr'><strong>ιιι</strong></span> <span class='ocrx_word' id='word_1_290' title='bbox 296 2246 353 2295; x_wconf 92' lang='lat' dir='ltr'><strong>toto</strong></span> <span class='ocrx_word' id='word_1_291' title='bbox 365 2235 512 2295; x_wconf 84' lang='lat' dir='ltr'><strong>Occidente</strong></span> <span class='ocrx_word' id='word_1_292' title='bbox 525 2237 674 2308; x_wconf 82' lang='lat' dir='ltr'><strong>prouincia,</strong></span> <span class='ocrx_word' id='word_1_293' title='bbox 689 2251 751 2306; x_wconf 81' lang='lat' dir='ltr'><strong>quae</strong></span> <span class='ocrx_word' id='word_1_294' title='bbox 764 2233 879 2290; x_wconf 81' lang='lat' dir='ltr'><strong>Francis</strong></span> <span class='ocrx_word' id='word_1_295' title='bbox 931 2231 1089 2290; x_wconf 85' lang='lat' dir='ltr'><strong>admittebat</strong></span> <span class='ocrx_word' id='word_1_296' title='bbox 1107 2234 1281 2300; x_wconf 87' lang='lat' dir='ltr'><strong>eiectionenr;</strong></span> <span class='ocrx_word' id='word_1_297' title='bbox 1296 2242 1342 2287; x_wconf 90' lang='lat' dir='ltr'><strong>aut</strong></span> <span class='ocrx_word' id='word_1_298' title='bbox 1360 2248 1419 2292; x_wconf 89' lang='lat' dir='ltr'><strong>eam</strong></span> <span class='ocrx_word' id='word_1_299' title='bbox 1434 2234 1537 2290; x_wconf 83' lang='lat' dir='ltr'><strong>irrimns</strong></span> <span class='ocrx_word' id='word_1_300' title='bbox 1552 2235 1690 2303; x_wconf 87' lang='lat' dir='ltr'><strong>reddebat,</strong></span> <span class='ocrx_word' id='word_1_301' title='bbox 1702 2239 1725 2302; x_wconf 86' lang='lat' dir='ltr'><strong>si</strong></span> 
     </span>
     <span class='ocr_line' id='line_1_23' title="bbox 84 2324 1725 2399; baseline -0.001 -13"><span class='ocrx_word' id='word_1_302' title='bbox 84 2332 202 2386; x_wconf 89' lang='lat' dir='ltr'><strong>salutem</strong></span> <span class='ocrx_word' id='word_1_303' title='bbox 215 2345 291 2387; x_wconf 91' lang='lat' dir='ltr'><strong>suam</strong></span> <span class='ocrx_word' id='word_1_304' title='bbox 306 2345 360 2386; x_wconf 92' lang='lat' dir='ltr'><strong>non</strong></span> <span class='ocrx_word' id='word_1_305' title='bbox 374 2330 496 2397; x_wconf 89' lang='lat' dir='ltr'><strong>deberet,</strong></span> <span class='ocrx_word' id='word_1_306' title='bbox 513 2330 647 2386; x_wconf 86' lang='lat' dir='ltr'><strong>undenso</strong></span> <span class='ocrx_word' id='word_1_307' title='bbox 662 2328 798 2385; x_wconf 86' lang='lat' dir='ltr'><strong>immerito</strong></span> <span class='ocrx_word' id='word_1_308' title='bbox 813 2325 879 2385; x_wconf 86' lang='lat' dir='ltr'><strong>Gre·</strong></span> <span class='ocrx_word' id='word_1_309' title='bbox 931 2326 1000 2382; x_wconf 92' lang='lat' dir='ltr'><strong>iorte</strong></span> <span class='ocrx_word' id='word_1_310' title='bbox 1019 2326 1092 2384; x_wconf 91' lang='lat' dir='ltr'><strong>circs</strong></span> <span class='ocrx_word' id='word_1_311' title='bbox 1113 2326 1141 2381; x_wconf 92' lang='lat' dir='ltr'><strong>in</strong></span> <span class='ocrx_word' id='word_1_312' title='bbox 1166 2339 1307 2394; x_wconf 74' lang='lat' dir='ltr'><strong>pcmonarn</strong></span> <span class='ocrx_word' id='word_1_313' title='bbox 1331 2324 1386 2380; x_wconf 85' lang='lat' dir='ltr'><strong>sibi</strong></span> <span class='ocrx_word' id='word_1_314' title='bbox 1398 2335 1447 2383; x_wconf 87' lang='lat' dir='ltr'><strong>aut</strong></span> <span class='ocrx_word' id='word_1_315' title='bbox 1465 2340 1551 2399; x_wconf 87' lang='lat' dir='ltr'><strong>regno</strong></span> <span class='ocrx_word' id='word_1_316' title='bbox 1572 2339 1725 2395; x_wconf 83' lang='lat' dir='ltr'><strong>suspectam</strong></span> 
     </span>
     <span class='ocr_line' id='line_1_24' title="bbox 83 2406 1726 2494; baseline 0 -18"><span class='ocrx_word' id='word_1_317' title='bbox 83 2421 188 2490; x_wconf 88' lang='lat' dir='ltr'><strong>gorius,</strong></span> <span class='ocrx_word' id='word_1_318' title='bbox 204 2436 234 2477; x_wconf 92' lang='lat' dir='ltr'><strong>re</strong></span> <span class='ocrx_word' id='word_1_319' title='bbox 245 2421 331 2479; x_wconf 88' lang='lat' dir='ltr'><strong>multo</strong></span> <span class='ocrx_word' id='word_1_320' title='bbox 343 2421 429 2494; x_wconf 88' lang='lat' dir='ltr'><strong>magis</strong></span> <span class='ocrx_word' id='word_1_321' title='bbox 444 2406 524 2492; x_wconf 79' lang='lat' dir='ltr'><strong>quant</strong></span> <span class='ocrx_word' id='word_1_322' title='bbox 538 2419 646 2477; x_wconf 83' lang='lat' dir='ltr'><strong>nornine</strong></span> <span class='ocrx_word' id='word_1_323' title='bbox 656 2418 775 2486; x_wconf 79' lang='lat' dir='ltr'><strong>tiernus,</strong></span> <span class='ocrx_word' id='word_1_324' title='bbox 787 2417 834 2475; x_wconf 92' lang='lat' dir='ltr'><strong>lib.</strong></span> <span class='ocrx_word' id='word_1_325' title='bbox 850 2433 878 2482; x_wconf 90' lang='grc' dir='ltr'><strong>ι,</strong></span> <span class='ocrx_word' id='word_1_326' title='bbox 930 2417 1141 2473; x_wconf 83' lang='lat' dir='ltr'><strong>consensissent.</strong></span> <span class='ocrx_word' id='word_1_327' title='bbox 1160 2415 1227 2480; x_wconf 84' lang='lat' dir='ltr'><strong>lies,</strong></span> <span class='ocrx_word' id='word_1_328' title='bbox 1247 2417 1362 2472; x_wconf 79' lang='lat' dir='ltr'><strong>admissu</strong></span> <span class='ocrx_word' id='word_1_329' title='bbox 1377 2416 1518 2486; x_wconf 88' lang='lat' dir='ltr'><strong>electione,</strong></span> <span class='ocrx_word' id='word_1_330' title='bbox 1537 2417 1673 2476; x_wconf 82' lang='lat' dir='ltr'><strong>scrihebat</strong></span> <span class='ocrx_word' id='word_1_331' title='bbox 1691 2420 1726 2476; x_wconf 87' lang='lat' dir='ltr'><strong>ad</strong></span> 
     </span>
     <span class='ocr_line' id='line_1_25' title="bbox 83 2507 1726 2582; baseline 0 -15"><span class='ocrx_word' id='word_1_332' title='bbox 83 2512 200 2579; x_wconf 88' lang='lat' dir='ltr'><strong>epistola</strong></span> <span class='ocrx_word' id='word_1_333' title='bbox 222 2511 253 2580; x_wconf 87' lang='lat' dir='ltr'><strong>G,</strong></span> <span class='ocrx_word' id='word_1_334' title='bbox 276 2513 439 2582; x_wconf 79' lang='lat' dir='ltr'><strong>praeclarum</strong></span> <span class='ocrx_word' id='word_1_335' title='bbox 455 2512 506 2568; x_wconf 93' lang='lat' dir='ltr'><strong>hoc</strong></span> <span class='ocrx_word' id='word_1_336' title='bbox 526 2512 560 2567; x_wconf 93' lang='lat' dir='ltr'><strong>de</strong></span> <span class='ocrx_word' id='word_1_337' title='bbox 585 2510 749 2567; x_wconf 73' lang='lat' dir='ltr'><strong>iiramorum</strong></span> <span class='ocrx_word' id='word_1_338' title='bbox 772 2509 880 2580; x_wconf 88' lang='lat' dir='ltr'><strong>regibos</strong></span> <span class='ocrx_word' id='word_1_339' title='bbox 930 2507 1164 2577; x_wconf 81' lang='lat' dir='ltr'><strong>metropolitanum</strong></span> <span class='ocrx_word' id='word_1_340' title='bbox 1183 2508 1335 2577; x_wconf 87' lang='lat' dir='ltr'><strong>epistolam,</strong></span> <span class='ocrx_word' id='word_1_341' title='bbox 1354 2509 1451 2577; x_wconf 86' lang='lat' dir='ltr'><strong>quael</strong></span> <span class='ocrx_word' id='word_1_342' title='bbox 1470 2507 1726 2580; x_wconf 81' lang='lat' dir='ltr'><strong>ejusquecompro-</strong></span> 
     </span>
     <span class='ocr_line' id='line_1_26' title="bbox 83 2597 1726 2673; baseline 0.002 -19"><span class='ocrx_word' id='word_1_343' title='bbox 83 2602 196 2672; x_wconf 75' lang='lat' dir='ltr'><strong>protulit</strong></span> <span class='ocrx_word' id='word_1_344' title='bbox 209 2601 328 2659; x_wconf 77' lang='lat' dir='ltr'><strong>ebatum.</strong></span> <span class='ocrx_word' id='word_1_345' title='bbox 348 2602 449 2669; x_wconf 84' lang='lat' dir='ltr'><strong>Quanto</strong></span> <span class='ocrx_word' id='word_1_346' title='bbox 463 2611 567 2656; x_wconf 88' lang='lat' dir='ltr'><strong>ceteros</strong></span> <span class='ocrx_word' id='word_1_347' title='bbox 579 2599 694 2655; x_wconf 87' lang='lat' dir='ltr'><strong>homines</strong></span> <span class='ocrx_word' id='word_1_348' title='bbox 705 2598 777 2672; x_wconf 83' lang='lat' dir='ltr'><strong>rsgis</strong></span> <span class='ocrx_word' id='word_1_349' title='bbox 793 2599 879 2668; x_wconf 83' lang='lat' dir='ltr'><strong>digai·</strong></span> <span class='ocrx_word' id='word_1_350' title='bbox 931 2597 1088 2655; x_wconf 88' lang='lat' dir='ltr'><strong>sincialibns</strong></span> <span class='ocrx_word' id='word_1_351' title='bbox 1099 2599 1232 2671; x_wconf 89' lang='lat' dir='ltr'><strong>episcopis</strong></span> <span class='ocrx_word' id='word_1_352' title='bbox 1246 2615 1345 2656; x_wconf 90' lang='lat' dir='ltr'><strong>norom</strong></span> <span class='ocrx_word' id='word_1_353' title='bbox 1357 2602 1512 2670; x_wconf 90' lang='lat' dir='ltr'><strong>episcopum</strong></span> <span class='ocrx_word' id='word_1_354' title='bbox 1526 2600 1665 2658; x_wconf 87' lang='lat' dir='ltr'><strong>ordinandi</strong></span> <span class='ocrx_word' id='word_1_355' title='bbox 1677 2617 1726 2673; x_wconf 87' lang='lat' dir='ltr'><strong>pe-</strong></span> 
     </span>
     <span class='ocr_line' id='line_1_27' title="bbox 84 2689 1727 2767; baseline 0.001 -18"><span class='ocrx_word' id='word_1_356' title='bbox 84 2704 126 2749; x_wconf 90' lang='lat' dir='ltr'><strong>tus</strong></span> <span class='ocrx_word' id='word_1_357' title='bbox 147 2694 292 2762; x_wconf 69' lang='lat' dir='ltr'><strong>carretis,</strong></span> <span class='ocrx_word' id='word_1_358' title='bbox 317 2705 390 2750; x_wconf 85' lang='lat' dir='ltr'><strong>lento</strong></span> <span class='ocrx_word' id='word_1_359' title='bbox 412 2706 561 2751; x_wconf 83' lang='lat' dir='ltr'><strong>ceterarum</strong></span> <span class='ocrx_word' id='word_1_360' title='bbox 586 2693 699 2767; x_wconf 81' lang='lat' dir='ltr'><strong>gentium</strong></span> <span class='ocrx_word' id='word_1_361' title='bbox 715 2707 793 2762; x_wconf 83' lang='lat' dir='ltr'><strong>regns</strong></span> <span class='ocrx_word' id='word_1_362' title='bbox 808 2691 880 2763; x_wconf 83' lang='lat' dir='ltr'><strong>repsi</strong></span> <span class='ocrx_word' id='word_1_363' title='bbox 931 2698 1055 2747; x_wconf 87' lang='lat' dir='ltr'><strong>testatem</strong></span> <span class='ocrx_word' id='word_1_364' title='bbox 1069 2689 1192 2747; x_wconf 86' lang='lat' dir='ltr'><strong>iaciebat.</strong></span> <span class='ocrx_word' id='word_1_365' title='bbox 1206 2689 1268 2747; x_wconf 82' lang='lat' dir='ltr'><strong>ilec</strong></span> <span class='ocrx_word' id='word_1_366' title='bbox 1281 2690 1370 2747; x_wconf 85' lang='lat' dir='ltr'><strong>omnia</strong></span> <span class='ocrx_word' id='word_1_367' title='bbox 1384 2705 1456 2747; x_wconf 87' lang='lat' dir='ltr'><strong>anno</strong></span> <span class='ocrx_word' id='word_1_368' title='bbox 1468 2691 1520 2747; x_wconf 75' lang='lat' dir='ltr'><strong>diti</strong></span> <span class='ocrx_word' id='word_1_369' title='bbox 1532 2695 1624 2762; x_wconf 78' lang='lat' dir='ltr'><strong>paucis</strong></span> <span class='ocrx_word' id='word_1_370' title='bbox 1637 2692 1727 2752; x_wconf 83' lang='lat' dir='ltr'><strong>uerbis</strong></span> 
     </span>
     <span class='ocr_line' id='line_1_28' title="bbox 86 2780 1724 2852; baseline 0.002 -11"><span class='ocrx_word' id='word_1_371' title='bbox 86 2782 248 2841; x_wconf 74' lang='lat' dir='ltr'><strong>Francorum</strong></span> <span class='ocrx_word' id='word_1_372' title='bbox 261 2786 363 2841; x_wconf 87' lang='lat' dir='ltr'><strong>csimen</strong></span> <span class='ocrx_word' id='word_1_373' title='bbox 377 2786 488 2843; x_wconf 76' lang='lat' dir='ltr'><strong>sarcitis.</strong></span> <span class='ocrx_word' id='word_1_374' title='bbox 930 2792 1089 2852; x_wconf 75' lang='lat' dir='ltr'><strong>&#39;expressere</strong></span> <span class='ocrx_word' id='word_1_375' title='bbox 1099 2781 1192 2838; x_wconf 87' lang='lat' dir='ltr'><strong>Patres</strong></span> <span class='ocrx_word' id='word_1_376' title='bbox 1203 2780 1315 2838; x_wconf 82' lang='lat' dir='ltr'><strong>concilii</strong></span> <span class='ocrx_word' id='word_1_377' title='bbox 1330 2781 1556 2840; x_wconf 81' lang='lat' dir='ltr'><strong>rhurciianensis</strong></span> <span class='ocrx_word' id='word_1_378' title='bbox 1565 2786 1724 2845; x_wconf 77' lang='lat' dir='ltr'><strong>mrtonaiii.</strong></span> 
     </span>
    </p>

    <p class='ocr_par' dir='ltr' id='par_1_3' title="bbox 84 2871 1729 3135">
     <span class='ocr_line' id='line_1_29' title="bbox 122 2871 1725 2948; baseline 0.001 -19"><span class='ocrx_word' id='word_1_379' title='bbox 122 2874 167 2931; x_wconf 79' lang='lat' dir='ltr'><strong>iii.</strong></span> <span class='ocrx_word' id='word_1_380' title='bbox 188 2874 273 2932; x_wconf 85' lang='lat' dir='ltr'><strong>Tanta</strong></span> <span class='ocrx_word' id='word_1_381' title='bbox 293 2883 382 2933; x_wconf 89' lang='lat' dir='ltr'><strong>aulem</strong></span> <span class='ocrx_word' id='word_1_382' title='bbox 402 2883 462 2932; x_wconf 86' lang='lat' dir='ltr'><strong>erat</strong></span> <span class='ocrx_word' id='word_1_383' title='bbox 479 2882 508 2934; x_wconf 89' lang='lat' dir='ltr'><strong>et</strong></span> <span class='ocrx_word' id='word_1_384' title='bbox 526 2890 618 2945; x_wconf 88' lang='lat' dir='ltr'><strong>regum</strong></span> <span class='ocrx_word' id='word_1_385' title='bbox 637 2881 665 2931; x_wconf 94' lang='lat' dir='ltr'><strong>et</strong></span> <span class='ocrx_word' id='word_1_386' title='bbox 684 2872 758 2946; x_wconf 90' lang='lat' dir='ltr'><strong>regni</strong></span> <span class='ocrx_word' id='word_1_387' title='bbox 777 2872 805 2929; x_wconf 94' lang='lat' dir='ltr'><strong>in</strong></span> <span class='ocrx_word' id='word_1_388' title='bbox 823 2871 880 2929; x_wconf 83' lang='lat' dir='ltr'><strong>iio·</strong></span> <span class='ocrx_word' id='word_1_389' title='bbox 931 2873 996 2929; x_wconf 83' lang='lat' dir='ltr'><strong>Gens</strong></span> <span class='ocrx_word' id='word_1_390' title='bbox 1015 2873 1143 2929; x_wconf 81' lang='lat' dir='ltr'><strong>uoluntate</strong></span> <span class='ocrx_word' id='word_1_391' title='bbox 1165 2873 1243 2943; x_wconf 85' lang='lat' dir='ltr'><strong>regis,</strong></span> <span class='ocrx_word' id='word_1_392' title='bbox 1251 2877 1330 2947; x_wconf 78' lang='lat' dir='ltr'><strong>juste</strong></span> <span class='ocrx_word' id='word_1_393' title='bbox 1345 2874 1493 2933; x_wconf 83' lang='lat' dir='ltr'><strong>electionem</strong></span> <span class='ocrx_word' id='word_1_394' title='bbox 1510 2876 1571 2932; x_wconf 87' lang='lat' dir='ltr'><strong>cirri</strong></span> <span class='ocrx_word' id='word_1_395' title='bbox 1585 2893 1616 2933; x_wconf 85' lang='lat' dir='ltr'><strong>ec</strong></span> <span class='ocrx_word' id='word_1_396' title='bbox 1633 2877 1725 2948; x_wconf 77' lang='lat' dir='ltr'><strong>piebis,</strong></span> 
     </span>
     <span class='ocr_line' id='line_1_30' title="bbox 84 2965 1729 3040; baseline 0.002 -16"><span class='ocrx_word' id='word_1_397' title='bbox 84 2983 195 3024; x_wconf 87' lang='lat' dir='ltr'><strong>manum</strong></span> <span class='ocrx_word' id='word_1_398' title='bbox 216 2967 369 3038; x_wconf 89' lang='lat' dir='ltr'><strong>pontilicem</strong></span> <span class='ocrx_word' id='word_1_399' title='bbox 391 2966 559 3031; x_wconf 87' lang='lat' dir='ltr'><strong>reuerentia,</strong></span> <span class='ocrx_word' id='word_1_400' title='bbox 588 2972 618 3021; x_wconf 91' lang='lat' dir='ltr'><strong>ut</strong></span> <span class='ocrx_word' id='word_1_401' title='bbox 636 2965 719 3030; x_wconf 90' lang='lat' dir='ltr'><strong>iicet,</strong></span> <span class='ocrx_word' id='word_1_402' title='bbox 739 2977 788 3033; x_wconf 91' lang='lat' dir='ltr'><strong>pro</strong></span> <span class='ocrx_word' id='word_1_403' title='bbox 806 2977 881 3019; x_wconf 88' lang='lat' dir='ltr'><strong>more</strong></span> <span class='ocrx_word' id='word_1_404' title='bbox 931 2965 998 3020; x_wconf 89' lang='lat' dir='ltr'><strong>sieut</strong></span> <span class='ocrx_word' id='word_1_405' title='bbox 1008 2965 1035 3020; x_wconf 90' lang='lat' dir='ltr'><strong>irs</strong></span> <span class='ocrx_word' id='word_1_406' title='bbox 1045 2966 1157 3036; x_wconf 84' lang='lat' dir='ltr'><strong>antiquis</strong></span> <span class='ocrx_word' id='word_1_407' title='bbox 1171 2965 1311 3021; x_wconf 80' lang='lat' dir='ltr'><strong>conoeides</strong></span> <span class='ocrx_word' id='word_1_408' title='bbox 1321 2975 1420 3022; x_wconf 76' lang='lat' dir='ltr'><strong>teretur</strong></span> <span class='ocrx_word' id='word_1_409' title='bbox 1429 2969 1729 3040; x_wconf 73' lang='lat' dir='ltr'><strong>scriplumemctrops·</strong></span> 
     </span>
     <span class='ocr_line' id='line_1_31' title="bbox 84 3053 1729 3135; baseline 0 -18"><span class='ocrx_word' id='word_1_410' title='bbox 84 3068 151 3118; x_wconf 86' lang='lat' dir='ltr'><strong>lunc</strong></span> <span class='ocrx_word' id='word_1_411' title='bbox 163 3060 291 3132; x_wconf 90' lang='lat' dir='ltr'><strong>temporis</strong></span> <span class='ocrx_word' id='word_1_412' title='bbox 304 3067 423 3130; x_wconf 90' lang='lat' dir='ltr'><strong>recepto,</strong></span> <span class='ocrx_word' id='word_1_413' title='bbox 438 3059 558 3130; x_wconf 86' lang='lat' dir='ltr'><strong>episcopi</strong></span> <span class='ocrx_word' id='word_1_414' title='bbox 569 3070 663 3113; x_wconf 81' lang='lat' dir='ltr'><strong>omines</strong></span> <span class='ocrx_word' id='word_1_415' title='bbox 675 3053 809 3129; x_wconf 84' lang='lat' dir='ltr'><strong>apostolici</strong></span> <span class='ocrx_word' id='word_1_416' title='bbox 820 3056 877 3121; x_wconf 88' lang='lat' dir='ltr'><strong>uiri,</strong></span> <span class='ocrx_word' id='word_1_417' title='bbox 933 3055 1028 3135; x_wconf 74' lang='lat' dir='ltr'><strong>hisso,</strong></span> <span class='ocrx_word' id='word_1_418' title='bbox 1045 3055 1084 3111; x_wconf 85' lang='lat' dir='ltr'><strong>sci</strong></span> <span class='ocrx_word' id='word_1_419' title='bbox 1098 3072 1173 3127; x_wconf 88' lang='lat' dir='ltr'><strong>quem</strong></span> <span class='ocrx_word' id='word_1_420' title='bbox 1187 3056 1214 3110; x_wconf 90' lang='lat' dir='ltr'><strong>in</strong></span> <span class='ocrx_word' id='word_1_421' title='bbox 1228 3057 1282 3110; x_wconf 88' lang='lat' dir='ltr'><strong>ries</strong></span> <span class='ocrx_word' id='word_1_422' title='bbox 1294 3072 1340 3111; x_wconf 86' lang='lat' dir='ltr'><strong>rste</strong></span> <span class='ocrx_word' id='word_1_423' title='bbox 1358 3058 1521 3128; x_wconf 82' lang='lat' dir='ltr'><strong>premiserit,</strong></span> <span class='ocrx_word' id='word_1_424' title='bbox 1537 3076 1596 3115; x_wconf 87' lang='lat' dir='ltr'><strong>cunt</strong></span> <span class='ocrx_word' id='word_1_425' title='bbox 1611 3077 1729 3131; x_wconf 66' lang='lat' dir='ltr'><strong>compre</strong></span> 
     </span>
    </p>
   </div>
   <div class='ocr_carea' id='block_1_3' title="bbox 85 3131 1730 3677">
    <p class='ocr_par' dir='ltr' id='par_1_4' title="bbox 85 3131 1730 3677">
     <span class='ocr_line' id='line_1_32' title="bbox 85 3131 1729 3222; baseline 0.003 -17"><span class='ocrx_word' id='word_1_426' title='bbox 85 3161 133 3206; x_wconf 92' lang='lat' dir='ltr'><strong>aut</strong></span> <span class='ocrx_word' id='word_1_427' title='bbox 144 3167 219 3221; x_wconf 87' lang='lat' dir='ltr'><strong>pope</strong></span> <span class='ocrx_word' id='word_1_428' title='bbox 231 3157 467 3220; x_wconf 66' lang='lat' dir='ltr'><strong>nuncuparentun</strong></span> <span class='ocrx_word' id='word_1_429' title='bbox 481 3163 562 3205; x_wconf 90' lang='lat' dir='ltr'><strong>nemo</strong></span> <span class='ocrx_word' id='word_1_430' title='bbox 577 3156 667 3202; x_wconf 90' lang='lat' dir='ltr'><strong>tamcu</strong></span> <span class='ocrx_word' id='word_1_431' title='bbox 682 3160 715 3202; x_wconf 89' lang='lat' dir='ltr'><strong>cs</strong></span> <span class='ocrx_word' id='word_1_432' title='bbox 730 3145 770 3200; x_wconf 90' lang='lat' dir='ltr'><strong>eia</strong></span> <span class='ocrx_word' id='word_1_433' title='bbox 784 3131 918 3214; x_wconf 73' lang='lat' dir='ltr'><strong>praetere</strong></span> <span class='ocrx_word' id='word_1_434' title='bbox 933 3145 1083 3201; x_wconf 86' lang='lat' dir='ltr'><strong>oinriciiius</strong></span> <span class='ocrx_word' id='word_1_435' title='bbox 1096 3146 1210 3216; x_wconf 70' lang='lat' dir='ltr'><strong>pontifex</strong></span> <span class='ocrx_word' id='word_1_436' title='bbox 1224 3155 1407 3205; x_wconf 77' lang='lat' dir='ltr'><strong>conseretur.-</strong></span> <span class='ocrx_word' id='word_1_437' title='bbox 1420 3164 1500 3220; x_wconf 88' lang='lat' dir='ltr'><strong>quam</strong></span> <span class='ocrx_word' id='word_1_438' title='bbox 1514 3152 1633 3222; x_wconf 84' lang='lat' dir='ltr'><strong>reguiam</strong></span> <span class='ocrx_word' id='word_1_439' title='bbox 1651 3167 1729 3211; x_wconf 85' lang='lat' dir='ltr'><strong>ctae·</strong></span> 
     </span>
     <span class='ocr_line' id='line_1_33' title="bbox 85 3235 1729 3314; baseline 0.002 -21"><span class='ocrx_word' id='word_1_440' title='bbox 85 3239 238 3296; x_wconf 85' lang='lat' dir='ltr'><strong>ilornanom</strong></span> <span class='ocrx_word' id='word_1_441' title='bbox 258 3240 419 3311; x_wconf 89' lang='lat' dir='ltr'><strong>pontiiicem,</strong></span> <span class='ocrx_word' id='word_1_442' title='bbox 439 3255 517 3311; x_wconf 87' lang='lat' dir='ltr'><strong>pepo,</strong></span> <span class='ocrx_word' id='word_1_443' title='bbox 537 3236 565 3293; x_wconf 86' lang='lat' dir='ltr'><strong>iti</strong></span> <span class='ocrx_word' id='word_1_444' title='bbox 584 3247 624 3294; x_wconf 88' lang='lat' dir='ltr'><strong>est</strong></span> <span class='ocrx_word' id='word_1_445' title='bbox 658 3235 776 3291; x_wconf 86' lang='lat' dir='ltr'><strong>omniunt</strong></span> <span class='ocrx_word' id='word_1_446' title='bbox 796 3242 896 3303; x_wconf 83' lang='lat' dir='ltr'><strong>pater,·</strong></span> <span class='ocrx_word' id='word_1_447' title='bbox 932 3236 1597 3311; x_wconf 77' lang='lat' dir='ltr'><strong>crrhouiosandatamluisseiudnitapropemodum</strong></span> <span class='ocrx_word' id='word_1_448' title='bbox 1607 3242 1729 3314; x_wconf 67' lang='lat' dir='ltr'><strong>Gregorii</strong></span> 
     </span>
     <span class='ocr_line' id='line_1_34' title="bbox 85 3324 1729 3403; baseline 0.001 -16"><span class='ocrx_word' id='word_1_449' title='bbox 85 3333 210 3389; x_wconf 88' lang='lat' dir='ltr'><strong>ahsolute</strong></span> <span class='ocrx_word' id='word_1_450' title='bbox 223 3332 367 3391; x_wconf 83' lang='lat' dir='ltr'><strong>diceretur.</strong></span> <span class='ocrx_word' id='word_1_451' title='bbox 378 3332 444 3388; x_wconf 90' lang='lat' dir='ltr'><strong>item</strong></span> <span class='ocrx_word' id='word_1_452' title='bbox 456 3332 528 3388; x_wconf 86' lang='lat' dir='ltr'><strong>sedis</strong></span> <span class='ocrx_word' id='word_1_453' title='bbox 547 3329 701 3403; x_wconf 82' lang='lat' dir='ltr'><strong>apostolice</strong></span> <span class='ocrx_word' id='word_1_454' title='bbox 713 3328 823 3383; x_wconf 88' lang='lat' dir='ltr'><strong>nomine</strong></span> <span class='ocrx_word' id='word_1_455' title='bbox 836 3325 883 3381; x_wconf 89' lang='lat' dir='ltr'><strong>de-</strong></span> <span class='ocrx_word' id='word_1_456' title='bbox 934 3327 992 3381; x_wconf 92' lang='lat' dir='ltr'><strong>iocs</strong></span> <span class='ocrx_word' id='word_1_457' title='bbox 1004 3326 1129 3397; x_wconf 86' lang='lat' dir='ltr'><strong>probant,</strong></span> <span class='ocrx_word' id='word_1_458' title='bbox 1143 3326 1170 3380; x_wconf 91' lang='lat' dir='ltr'><strong>io</strong></span> <span class='ocrx_word' id='word_1_459' title='bbox 1184 3324 1280 3397; x_wconf 91' lang='lat' dir='ltr'><strong>quibus</strong></span> <span class='ocrx_word' id='word_1_460' title='bbox 1303 3326 1511 3385; x_wconf 84' lang='lat' dir='ltr'><strong>instrumentum</strong></span> <span class='ocrx_word' id='word_1_461' title='bbox 1525 3345 1541 3386; x_wconf 92' lang='lat' dir='ltr'><strong>a</strong></span> <span class='ocrx_word' id='word_1_462' title='bbox 1555 3331 1663 3387; x_wconf 83' lang='lat' dir='ltr'><strong>civibus</strong></span> <span class='ocrx_word' id='word_1_463' title='bbox 1678 3347 1729 3403; x_wconf 81' lang='lat' dir='ltr'><strong>pro</strong></span> 
     </span>
     <span class='ocr_line' id='line_1_35' title="bbox 86 3414 1730 3496; baseline 0.002 -19"><span class='ocrx_word' id='word_1_464' title='bbox 86 3425 244 3494; x_wconf 85' lang='lat' dir='ltr'><strong>signabatur</strong></span> <span class='ocrx_word' id='word_1_465' title='bbox 254 3438 301 3494; x_wconf 91' lang='lat' dir='ltr'><strong>per</strong></span> <span class='ocrx_word' id='word_1_466' title='bbox 310 3423 497 3481; x_wconf 84' lang='lat' dir='ltr'><strong>excellentiam</strong></span> <span class='ocrx_word' id='word_1_467' title='bbox 508 3421 627 3479; x_wconf 81' lang='lat' dir='ltr'><strong>Romana</strong></span> <span class='ocrx_word' id='word_1_468' title='bbox 639 3419 771 3486; x_wconf 79' lang='lat' dir='ltr'><strong>Ecclesia,</strong></span> <span class='ocrx_word' id='word_1_469' title='bbox 783 3426 815 3473; x_wconf 87' lang='lat' dir='ltr'><strong>ut</strong></span> <span class='ocrx_word' id='word_1_470' title='bbox 826 3426 882 3473; x_wconf 91' lang='lat' dir='ltr'><strong>tom</strong></span> <span class='ocrx_word' id='word_1_471' title='bbox 934 3415 1067 3472; x_wconf 89' lang='lat' dir='ltr'><strong>electione</strong></span> <span class='ocrx_word' id='word_1_472' title='bbox 1085 3414 1184 3473; x_wconf 86' lang='lat' dir='ltr'><strong>luctum</strong></span> <span class='ocrx_word' id='word_1_473' title='bbox 1203 3415 1318 3486; x_wconf 89' lang='lat' dir='ltr'><strong>appellat</strong></span> <span class='ocrx_word' id='word_1_474' title='bbox 1331 3433 1483 3474; x_wconf 73' lang='lat' dir='ltr'><strong>conessum</strong></span> <span class='ocrx_word' id='word_1_475' title='bbox 1495 3420 1604 3492; x_wconf 68' lang='lat' dir='ltr'><strong>cirismp</strong></span> <span class='ocrx_word' id='word_1_476' title='bbox 1625 3424 1730 3496; x_wconf 83' lang='lat' dir='ltr'><strong>reginus</strong></span> 
     </span>
     <span class='ocr_line' id='line_1_36' title="bbox 86 3507 1730 3586; baseline 0.004 -17"><span class='ocrx_word' id='word_1_477' title='bbox 86 3530 122 3569; x_wconf 88' lang='lat' dir='ltr'><strong>es</strong></span> <span class='ocrx_word' id='word_1_478' title='bbox 137 3526 233 3571; x_wconf 79' lang='lat' dir='ltr'><strong>nosmo</strong></span> <span class='ocrx_word' id='word_1_479' title='bbox 246 3515 396 3586; x_wconf 80' lang='lat' dir='ltr'><strong>Gregorio,</strong></span> <span class='ocrx_word' id='word_1_480' title='bbox 411 3527 467 3572; x_wconf 89' lang='lat' dir='ltr'><strong>tum</strong></span> <span class='ocrx_word' id='word_1_481' title='bbox 486 3531 520 3572; x_wconf 85' lang='lat' dir='ltr'><strong>es</strong></span> <span class='ocrx_word' id='word_1_482' title='bbox 539 3514 621 3571; x_wconf 83' lang='lat' dir='ltr'><strong>uariis</strong></span> <span class='ocrx_word' id='word_1_483' title='bbox 638 3512 759 3571; x_wconf 83' lang='lat' dir='ltr'><strong>corrciiiis</strong></span> <span class='ocrx_word' id='word_1_484' title='bbox 778 3510 883 3569; x_wconf 90' lang='lat' dir='ltr'><strong>illorum</strong></span> <span class='ocrx_word' id='word_1_485' title='bbox 936 3524 999 3564; x_wconf 85' lang='lat' dir='ltr'><strong>sero</strong></span> <span class='ocrx_word' id='word_1_486' title='bbox 1011 3507 1140 3581; x_wconf 86' lang='lat' dir='ltr'><strong>diploma,</strong></span> <span class='ocrx_word' id='word_1_487' title='bbox 1154 3517 1321 3582; x_wconf 85' lang='lat' dir='ltr'><strong>preceptum,</strong></span> <span class='ocrx_word' id='word_1_488' title='bbox 1335 3520 1381 3567; x_wconf 92' lang='lat' dir='ltr'><strong>aut</strong></span> <span class='ocrx_word' id='word_1_489' title='bbox 1394 3515 1600 3586; x_wconf 79' lang='lat' dir='ltr'><strong>preceptionem,</strong></span> <span class='ocrx_word' id='word_1_490' title='bbox 1615 3516 1673 3574; x_wconf 88' lang='lat' dir='ltr'><strong>sire</strong></span> <span class='ocrx_word' id='word_1_491' title='bbox 1687 3520 1730 3575; x_wconf 89' lang='lat' dir='ltr'><strong>is-</strong></span> 
     </span>
     <span class='ocr_line' id='line_1_37' title="bbox 87 3597 1730 3677; baseline 0.003 -16"><span class='ocrx_word' id='word_1_492' title='bbox 87 3615 242 3675; x_wconf 87' lang='lat' dir='ltr'><strong>temporum</strong></span> <span class='ocrx_word' id='word_1_493' title='bbox 255 3615 369 3661; x_wconf 85' lang='lat' dir='ltr'><strong>constat.</strong></span> <span class='ocrx_word' id='word_1_494' title='bbox 381 3607 469 3677; x_wconf 80' lang='lat' dir='ltr'><strong>Atque</strong></span> <span class='ocrx_word' id='word_1_495' title='bbox 481 3604 554 3673; x_wconf 85' lang='lat' dir='ltr'><strong>inde,</strong></span> <span class='ocrx_word' id='word_1_496' title='bbox 565 3613 594 3662; x_wconf 92' lang='lat' dir='ltr'><strong>et</strong></span> <span class='ocrx_word' id='word_1_497' title='bbox 607 3603 678 3675; x_wconf 93' lang='lat' dir='ltr'><strong>quod</strong></span> <span class='ocrx_word' id='word_1_498' title='bbox 690 3604 812 3675; x_wconf 85' lang='lat' dir='ltr'><strong>plerique</strong></span> <span class='ocrx_word' id='word_1_499' title='bbox 822 3601 884 3657; x_wconf 89' lang='lat' dir='ltr'><strong>har·</strong></span> <span class='ocrx_word' id='word_1_500' title='bbox 935 3599 1058 3654; x_wconf 77' lang='lat' dir='ltr'><strong>dissitum.</strong></span> <span class='ocrx_word' id='word_1_501' title='bbox 1074 3597 1151 3655; x_wconf 89' lang='lat' dir='ltr'><strong>iiaoc</strong></span> <span class='ocrx_word' id='word_1_502' title='bbox 1161 3613 1225 3656; x_wconf 89' lang='lat' dir='ltr'><strong>rero</strong></span> <span class='ocrx_word' id='word_1_503' title='bbox 1235 3603 1415 3673; x_wconf 79' lang='lat' dir='ltr'><strong>preceptionis</strong></span> <span class='ocrx_word' id='word_1_504' title='bbox 1427 3619 1521 3662; x_wconf 86' lang='lat' dir='ltr'><strong>rocem</strong></span> <span class='ocrx_word' id='word_1_505' title='bbox 1530 3607 1570 3663; x_wconf 91' lang='lat' dir='ltr'><strong>sic</strong></span> <span class='ocrx_word' id='word_1_506' title='bbox 1582 3623 1635 3664; x_wconf 92' lang='lat' dir='ltr'><strong>uon</strong></span> <span class='ocrx_word' id='word_1_507' title='bbox 1650 3609 1730 3666; x_wconf 83' lang='lat' dir='ltr'><strong>iutel-</strong></span> 
     </span>
    </p>
   </div>
   <div class='ocr_carea' id='block_1_4' title="bbox 82 3690 1735 5786">
    <p class='ocr_par' dir='ltr' id='par_1_5' title="bbox 82 3690 1735 5786">
     <span class='ocr_line' id='line_1_38' title="bbox 85 3690 1733 3771; baseline 0.004 -23"><span class='ocrx_word' id='word_1_508' title='bbox 85 3694 145 3751; x_wconf 88' lang='lat' dir='ltr'><strong>bari</strong></span> <span class='ocrx_word' id='word_1_509' title='bbox 157 3694 361 3753; x_wconf 75' lang='lat' dir='ltr'><strong>hermeostahc</strong></span> <span class='ocrx_word' id='word_1_510' title='bbox 372 3694 768 3762; x_wconf 82' lang='lat' dir='ltr'><strong>iniectiesserrt,ilorttanoruut</strong></span> <span class='ocrx_word' id='word_1_511' title='bbox 776 3693 884 3751; x_wconf 88' lang='lat' dir='ltr'><strong>nomine</strong></span> <span class='ocrx_word' id='word_1_512' title='bbox 935 3690 1069 3761; x_wconf 88' lang='lat' dir='ltr'><strong>iigendam</strong></span> <span class='ocrx_word' id='word_1_513' title='bbox 1084 3705 1156 3758; x_wconf 83' lang='lat' dir='ltr'><strong>esse,</strong></span> <span class='ocrx_word' id='word_1_514' title='bbox 1173 3699 1205 3747; x_wconf 88' lang='grc' dir='ltr'><strong>ιιι</strong></span> <span class='ocrx_word' id='word_1_515' title='bbox 1223 3691 1382 3749; x_wconf 87' lang='lat' dir='ltr'><strong>electionem</strong></span> <span class='ocrx_word' id='word_1_516' title='bbox 1402 3696 1544 3765; x_wconf 80' lang='lat' dir='ltr'><strong>excludat,</strong></span> <span class='ocrx_word' id='word_1_517' title='bbox 1555 3714 1586 3756; x_wconf 83' lang='lat' dir='ltr'><strong>cs</strong></span> <span class='ocrx_word' id='word_1_518' title='bbox 1603 3699 1733 3771; x_wconf 83' lang='lat' dir='ltr'><strong>Gregorio</strong></span> 
     </span>
     <span class='ocr_line' id='line_1_39' title="bbox 85 3773 1730 3859; baseline 0.003 -16"><span class='ocrx_word' id='word_1_519' title='bbox 85 3786 225 3851; x_wconf 85' lang='lat' dir='ltr'><strong>catiroiici,</strong></span> <span class='ocrx_word' id='word_1_520' title='bbox 236 3788 316 3856; x_wconf 81' lang='lat' dir='ltr'><strong>etiam</strong></span> <span class='ocrx_word' id='word_1_521' title='bbox 331 3788 366 3843; x_wconf 89' lang='lat' dir='ltr'><strong>ab</strong></span> <span class='ocrx_word' id='word_1_522' title='bbox 377 3787 443 3856; x_wconf 87' lang='lat' dir='ltr'><strong>ipsis</strong></span> <span class='ocrx_word' id='word_1_523' title='bbox 455 3786 598 3851; x_wconf 76' lang='lat' dir='ltr'><strong>trareticts,</strong></span> <span class='ocrx_word' id='word_1_524' title='bbox 612 3784 812 3841; x_wconf 89' lang='lat' dir='ltr'><strong>indicabantur.</strong></span> <span class='ocrx_word' id='word_1_525' title='bbox 920 3773 922 3778; x_wconf 75' lang='grc'>’</span> <span class='ocrx_word' id='word_1_526' title='bbox 935 3789 1029 3836; x_wconf 91' lang='lat' dir='ltr'><strong>nostro</strong></span> <span class='ocrx_word' id='word_1_527' title='bbox 1047 3787 1135 3851; x_wconf 89' lang='lat' dir='ltr'><strong>patet,</strong></span> <span class='ocrx_word' id='word_1_528' title='bbox 1151 3781 1196 3853; x_wconf 93' lang='lat' dir='ltr'><strong>qui</strong></span> <span class='ocrx_word' id='word_1_529' title='bbox 1211 3790 1275 3852; x_wconf 91' lang='lat' dir='ltr'><strong>post</strong></span> <span class='ocrx_word' id='word_1_530' title='bbox 1288 3785 1405 3839; x_wconf 86' lang='lat' dir='ltr'><strong>delutum</strong></span> <span class='ocrx_word' id='word_1_531' title='bbox 1424 3785 1459 3839; x_wconf 88' lang='lat' dir='ltr'><strong>sd</strong></span> <span class='ocrx_word' id='word_1_532' title='bbox 1473 3801 1562 3859; x_wconf 89' lang='lat' dir='ltr'><strong>regem</strong></span> <span class='ocrx_word' id='word_1_533' title='bbox 1578 3805 1730 3849; x_wconf 78' lang='lat' dir='ltr'><strong>conensem</strong></span> 
     </span>
     <span class='ocr_line' id='line_1_40' title="bbox 123 3874 1731 3950; baseline 0.003 -15"><span class='ocrx_word' id='word_1_534' title='bbox 123 3879 170 3935; x_wconf 81' lang='lat'><strong>20.</strong></span> <span class='ocrx_word' id='word_1_535' title='bbox 191 3876 218 3934; x_wconf 94' lang='lat' dir='ltr'><strong>is</strong></span> <span class='ocrx_word' id='word_1_536' title='bbox 230 3879 319 3950; x_wconf 90' lang='lat' dir='ltr'><strong>itaque</strong></span> <span class='ocrx_word' id='word_1_537' title='bbox 331 3889 400 3945; x_wconf 88' lang='lat' dir='ltr'><strong>erat,</strong></span> <span class='ocrx_word' id='word_1_538' title='bbox 417 3880 549 3937; x_wconf 88' lang='lat' dir='ltr'><strong>relerente</strong></span> <span class='ocrx_word' id='word_1_539' title='bbox 562 3876 691 3950; x_wconf 58' lang='lat' dir='ltr'><strong>Gregorio</strong></span> <span class='ocrx_word' id='word_1_540' title='bbox 706 3890 808 3944; x_wconf 89' lang='lat' dir='ltr'><strong>nostro,</strong></span> <span class='ocrx_word' id='word_1_541' title='bbox 822 3875 885 3933; x_wconf 86' lang='lat' dir='ltr'><strong>Ga!-</strong></span> <span class='ocrx_word' id='word_1_542' title='bbox 935 3874 1039 3944; x_wconf 73' lang='lat' dir='ltr'><strong>esium,</strong></span> <span class='ocrx_word' id='word_1_543' title='bbox 1052 3890 1128 3931; x_wconf 90' lang='lat' dir='ltr'><strong>susm</strong></span> <span class='ocrx_word' id='word_1_544' title='bbox 1140 3876 1338 3946; x_wconf 84' lang='lat' dir='ltr'><strong>preceptionem</strong></span> <span class='ocrx_word' id='word_1_545' title='bbox 1352 3891 1413 3934; x_wconf 89' lang='lat' dir='ltr'><strong>cum</strong></span> <span class='ocrx_word' id='word_1_546' title='bbox 1425 3878 1534 3938; x_wconf 87' lang='lat' dir='ltr'><strong>dedisse</strong></span> <span class='ocrx_word' id='word_1_547' title='bbox 1545 3884 1644 3949; x_wconf 89' lang='lat' dir='ltr'><strong>passim</strong></span> <span class='ocrx_word' id='word_1_548' title='bbox 1656 3899 1731 3945; x_wconf 85' lang='lat' dir='ltr'><strong>core·</strong></span> 
     </span>
     <span class='ocr_line' id='line_1_41' title="bbox 86 3962 1729 4047; baseline 0.006 -23"><span class='ocrx_word' id='word_1_549' title='bbox 86 3966 185 4024; x_wconf 82' lang='lat' dir='ltr'><strong>diarum</strong></span> <span class='ocrx_word' id='word_1_550' title='bbox 196 3978 282 4026; x_wconf 90' lang='lat' dir='ltr'><strong>statos</strong></span> <span class='ocrx_word' id='word_1_551' title='bbox 296 3971 346 4027; x_wconf 94' lang='lat' dir='ltr'><strong>sub</strong></span> <span class='ocrx_word' id='word_1_552' title='bbox 357 3969 511 4026; x_wconf 84' lang='lat' dir='ltr'><strong>Ghlodoreo</strong></span> <span class='ocrx_word' id='word_1_553' title='bbox 535 3971 630 4042; x_wconf 87' lang='lat' dir='ltr'><strong>hlagno</strong></span> <span class='ocrx_word' id='word_1_554' title='bbox 643 3970 755 4042; x_wconf 80' lang='lat' dir='ltr'><strong>ejusque</strong></span> <span class='ocrx_word' id='word_1_555' title='bbox 778 3970 840 4025; x_wconf 90' lang='lat' dir='ltr'><strong>liliis</strong></span> <span class='ocrx_word' id='word_1_556' title='bbox 853 3985 885 4027; x_wconf 88' lang='lat' dir='ltr'><strong>ac</strong></span> <span class='ocrx_word' id='word_1_557' title='bbox 935 3975 1075 4024; x_wconf 83' lang='lat' dir='ltr'><strong>memorat.</strong></span> <span class='ocrx_word' id='word_1_558' title='bbox 1096 3962 1164 4036; x_wconf 81' lang='lat' dir='ltr'><strong>Quin</strong></span> <span class='ocrx_word' id='word_1_559' title='bbox 1179 3968 1260 4022; x_wconf 89' lang='lat' dir='ltr'><strong>etiarn</strong></span> <span class='ocrx_word' id='word_1_560' title='bbox 1277 3968 1341 4024; x_wconf 89' lang='lat' dir='ltr'><strong>licet</strong></span> <span class='ocrx_word' id='word_1_561' title='bbox 1353 3970 1381 4025; x_wconf 94' lang='lat' dir='ltr'><strong>in</strong></span> <span class='ocrx_word' id='word_1_562' title='bbox 1395 3971 1475 4041; x_wconf 91' lang='lat' dir='ltr'><strong>regiis</strong></span> <span class='ocrx_word' id='word_1_563' title='bbox 1490 3974 1587 4031; x_wconf 89' lang='lat' dir='ltr'><strong>litteris</strong></span> <span class='ocrx_word' id='word_1_564' title='bbox 1601 3989 1649 4031; x_wconf 91' lang='lat' dir='ltr'><strong>seu</strong></span> <span class='ocrx_word' id='word_1_565' title='bbox 1659 3991 1729 4047; x_wconf 80' lang='lat' dir='ltr'><strong>psss·</strong></span> 
     </span>
     <span class='ocr_line' id='line_1_42' title="bbox 87 4057 1731 4136; baseline 0.004 -22"><span class='ocrx_word' id='word_1_566' title='bbox 87 4059 243 4130; x_wconf 88' lang='lat' dir='ltr'><strong>nepotibus.</strong></span> <span class='ocrx_word' id='word_1_567' title='bbox 260 4060 313 4117; x_wconf 85' lang='lat' dir='ltr'><strong>Sed</strong></span> <span class='ocrx_word' id='word_1_568' title='bbox 325 4061 380 4131; x_wconf 81' lang='lat' dir='ltr'><strong>jam</strong></span> <span class='ocrx_word' id='word_1_569' title='bbox 393 4075 426 4116; x_wconf 88' lang='lat' dir='ltr'><strong>es</strong></span> <span class='ocrx_word' id='word_1_570' title='bbox 440 4061 491 4116; x_wconf 93' lang='lat' dir='ltr'><strong>huc</strong></span> <span class='ocrx_word' id='word_1_571' title='bbox 502 4058 561 4132; x_wconf 86' lang='lat' dir='ltr'><strong>ipso</strong></span> <span class='ocrx_word' id='word_1_572' title='bbox 571 4070 682 4116; x_wconf 88' lang='lat' dir='ltr'><strong>auctore</strong></span> <span class='ocrx_word' id='word_1_573' title='bbox 697 4061 883 4133; x_wconf 84' lang='lat' dir='ltr'><strong>inquirendum</strong></span> <span class='ocrx_word' id='word_1_574' title='bbox 934 4062 1061 4130; x_wconf 84' lang='lat' dir='ltr'><strong>ceptione,</strong></span> <span class='ocrx_word' id='word_1_575' title='bbox 1078 4058 1149 4114; x_wconf 90' lang='lat' dir='ltr'><strong>nuiis</strong></span> <span class='ocrx_word' id='word_1_576' title='bbox 1165 4057 1242 4116; x_wconf 84' lang='lat' dir='ltr'><strong>lieret</strong></span> <span class='ocrx_word' id='word_1_577' title='bbox 1260 4060 1401 4117; x_wconf 88' lang='lat' dir='ltr'><strong>electionis</strong></span> <span class='ocrx_word' id='word_1_578' title='bbox 1418 4072 1464 4118; x_wconf 88' lang='lat' dir='ltr'><strong>aut</strong></span> <span class='ocrx_word' id='word_1_579' title='bbox 1477 4080 1616 4122; x_wconf 84' lang='lat' dir='ltr'><strong>consensus</strong></span> <span class='ocrx_word' id='word_1_580' title='bbox 1630 4081 1731 4136; x_wconf 76' lang='lat' dir='ltr'><strong>precs·</strong></span> 
     </span>
     <span class='ocr_line' id='line_1_43' title="bbox 87 4150 1729 4228; baseline 0.006 -24"><span class='ocrx_word' id='word_1_581' title='bbox 87 4158 141 4210; x_wconf 84' lang='lat' dir='ltr'><strong>cst,</strong></span> <span class='ocrx_word' id='word_1_582' title='bbox 155 4164 278 4219; x_wconf 78' lang='lat' dir='ltr'><strong>quaenam</strong></span> <span class='ocrx_word' id='word_1_583' title='bbox 293 4158 356 4206; x_wconf 87' lang='lat' dir='ltr'><strong>tunc</strong></span> <span class='ocrx_word' id='word_1_584' title='bbox 367 4151 495 4221; x_wconf 88' lang='lat' dir='ltr'><strong>temporis</strong></span> <span class='ocrx_word' id='word_1_585' title='bbox 507 4153 609 4222; x_wconf 83' lang='lat' dir='ltr'><strong>vigeret</strong></span> <span class='ocrx_word' id='word_1_586' title='bbox 622 4150 691 4220; x_wconf 86' lang='lat' dir='ltr'><strong>apud</strong></span> <span class='ocrx_word' id='word_1_587' title='bbox 704 4151 823 4207; x_wconf 78' lang='lat' dir='ltr'><strong>Francos</strong></span> <span class='ocrx_word' id='word_1_588' title='bbox 835 4151 886 4209; x_wconf 75' lang='lat' dir='ltr'><strong>Ec·</strong></span> <span class='ocrx_word' id='word_1_589' title='bbox 935 4151 1025 4207; x_wconf 88' lang='lat' dir='ltr'><strong>dentis</strong></span> <span class='ocrx_word' id='word_1_590' title='bbox 1046 4152 1158 4219; x_wconf 81' lang='lat' dir='ltr'><strong>meursio,</strong></span> <span class='ocrx_word' id='word_1_591' title='bbox 1174 4161 1204 4207; x_wconf 92' lang='lat' dir='ltr'><strong>ut</strong></span> <span class='ocrx_word' id='word_1_592' title='bbox 1218 4168 1250 4207; x_wconf 86' lang='lat' dir='ltr'><strong>es</strong></span> <span class='ocrx_word' id='word_1_593' title='bbox 1275 4151 1398 4209; x_wconf 88' lang='lat' dir='ltr'><strong>iormuiis</strong></span> <span class='ocrx_word' id='word_1_594' title='bbox 1421 4155 1540 4210; x_wconf 87' lang='lat' dir='ltr'><strong>iiarcuili</strong></span> <span class='ocrx_word' id='word_1_595' title='bbox 1563 4159 1729 4228; x_wconf 85' lang='lat' dir='ltr'><strong>colligimus,</strong></span> 
     </span>
     <span class='ocr_line' id='line_1_44' title="bbox 86 4239 1730 4316; baseline 0.007 -22"><span class='ocrx_word' id='word_1_596' title='bbox 86 4239 181 4294; x_wconf 76' lang='lat' dir='ltr'><strong>ciesim</strong></span> <span class='ocrx_word' id='word_1_597' title='bbox 192 4239 344 4311; x_wconf 87' lang='lat' dir='ltr'><strong>disciplina.</strong></span> <span class='ocrx_word' id='word_1_598' title='bbox 365 4242 398 4296; x_wconf 90' lang='grc' dir='ltr'><strong>Ει</strong></span> <span class='ocrx_word' id='word_1_599' title='bbox 410 4242 615 4313; x_wconf 85' lang='lat' dir='ltr'><strong>primoquidem</strong></span> <span class='ocrx_word' id='word_1_600' title='bbox 629 4241 816 4311; x_wconf 85' lang='lat' dir='ltr'><strong>episcoporum</strong></span> <span class='ocrx_word' id='word_1_601' title='bbox 830 4242 886 4298; x_wconf 92' lang='lat' dir='ltr'><strong>eie·</strong></span> <span class='ocrx_word' id='word_1_602' title='bbox 936 4241 1011 4298; x_wconf 90' lang='lat' dir='ltr'><strong>ilium</strong></span> <span class='ocrx_word' id='word_1_603' title='bbox 1030 4252 1120 4298; x_wconf 89' lang='lat' dir='ltr'><strong>tamen</strong></span> <span class='ocrx_word' id='word_1_604' title='bbox 1139 4243 1236 4298; x_wconf 88' lang='lat' dir='ltr'><strong>cisium</strong></span> <span class='ocrx_word' id='word_1_605' title='bbox 1256 4257 1417 4298; x_wconf 92' lang='lat' dir='ltr'><strong>consensum</strong></span> <span class='ocrx_word' id='word_1_606' title='bbox 1437 4259 1466 4300; x_wconf 91' lang='lat' dir='ltr'><strong>re</strong></span> <span class='ocrx_word' id='word_1_607' title='bbox 1486 4247 1542 4316; x_wconf 86' lang='lat' dir='ltr'><strong>ipsa</strong></span> <span class='ocrx_word' id='word_1_608' title='bbox 1558 4251 1730 4316; x_wconf 77' lang='lat' dir='ltr'><strong>precessisse</strong></span> 
     </span>
     <span class='ocr_line' id='line_1_45' title="bbox 87 4327 1733 4405; baseline 0.007 -22"><span class='ocrx_word' id='word_1_609' title='bbox 87 4327 193 4385; x_wconf 86' lang='lat' dir='ltr'><strong>ctioncs</strong></span> <span class='ocrx_word' id='word_1_610' title='bbox 207 4329 306 4387; x_wconf 90' lang='lat' dir='ltr'><strong>liberas</strong></span> <span class='ocrx_word' id='word_1_611' title='bbox 316 4339 343 4384; x_wconf 89' lang='lat' dir='ltr'><strong>et</strong></span> <span class='ocrx_word' id='word_1_612' title='bbox 355 4330 493 4387; x_wconf 89' lang='lat' dir='ltr'><strong>absolutas</strong></span> <span class='ocrx_word' id='word_1_613' title='bbox 504 4346 584 4388; x_wconf 90' lang='lat' dir='ltr'><strong>nemo</strong></span> <span class='ocrx_word' id='word_1_614' title='bbox 596 4342 637 4387; x_wconf 87' lang='lat' dir='ltr'><strong>est</strong></span> <span class='ocrx_word' id='word_1_615' title='bbox 649 4333 694 4401; x_wconf 89' lang='lat' dir='ltr'><strong>qui</strong></span> <span class='ocrx_word' id='word_1_616' title='bbox 710 4347 763 4388; x_wconf 93' lang='lat' dir='ltr'><strong>non</strong></span> <span class='ocrx_word' id='word_1_617' title='bbox 774 4332 883 4398; x_wconf 87' lang='lat' dir='ltr'><strong>diserit,</strong></span> <span class='ocrx_word' id='word_1_618' title='bbox 936 4348 989 4391; x_wconf 92' lang='lat' dir='ltr'><strong>non</strong></span> <span class='ocrx_word' id='word_1_619' title='bbox 1003 4333 1089 4389; x_wconf 86' lang='lat' dir='ltr'><strong>solum</strong></span> <span class='ocrx_word' id='word_1_620' title='bbox 1103 4347 1137 4388; x_wconf 83' lang='lat' dir='ltr'><strong>ex</strong></span> <span class='ocrx_word' id='word_1_621' title='bbox 1148 4330 1288 4404; x_wconf 85' lang='lat' dir='ltr'><strong>Gregorio,</strong></span> <span class='ocrx_word' id='word_1_622' title='bbox 1304 4335 1351 4391; x_wconf 89' lang='lat' dir='ltr'><strong>sed</strong></span> <span class='ocrx_word' id='word_1_623' title='bbox 1365 4335 1446 4390; x_wconf 89' lang='lat' dir='ltr'><strong>etiarn</strong></span> <span class='ocrx_word' id='word_1_624' title='bbox 1458 4352 1489 4392; x_wconf 87' lang='lat' dir='ltr'><strong>es</strong></span> <span class='ocrx_word' id='word_1_625' title='bbox 1502 4340 1588 4393; x_wconf 81' lang='grc' dir='ltr'><strong>ιιιιιι</strong></span> <span class='ocrx_word' id='word_1_626' title='bbox 1600 4338 1733 4405; x_wconf 70' lang='lat' dir='ltr'><strong>Desideria</strong></span> 
     </span>
     <span class='ocr_line' id='line_1_46' title="bbox 85 4418 1733 4499; baseline 0.005 -23"><span class='ocrx_word' id='word_1_627' title='bbox 85 4421 110 4476; x_wconf 89' lang='lat' dir='ltr'><strong>si</strong></span> <span class='ocrx_word' id='word_1_628' title='bbox 122 4421 165 4474; x_wconf 86' lang='lat' dir='ltr'><strong>rei</strong></span> <span class='ocrx_word' id='word_1_629' title='bbox 176 4420 271 4477; x_wconf 82' lang='lat' dir='ltr'><strong>ieviter</strong></span> <span class='ocrx_word' id='word_1_630' title='bbox 281 4418 339 4491; x_wconf 75' lang='lat' dir='ltr'><strong>elus</strong></span> <span class='ocrx_word' id='word_1_631' title='bbox 351 4422 402 4479; x_wconf 79' lang='lat' dir='ltr'><strong>eri</strong></span> <span class='ocrx_word' id='word_1_632' title='bbox 412 4422 585 4479; x_wconf 89' lang='lat' dir='ltr'><strong>conciliorum</strong></span> <span class='ocrx_word' id='word_1_633' title='bbox 596 4439 714 4481; x_wconf 86' lang='lat' dir='ltr'><strong>canurres</strong></span> <span class='ocrx_word' id='word_1_634' title='bbox 725 4439 882 4493; x_wconf 86' lang='lat' dir='ltr'><strong>percurrere</strong></span> <span class='ocrx_word' id='word_1_635' title='bbox 935 4423 1107 4481; x_wconf 78' lang='lat' dir='ltr'><strong>caturcensis</strong></span> <span class='ocrx_word' id='word_1_636' title='bbox 1121 4424 1175 4479; x_wconf 87' lang='lat' dir='ltr'><strong>rita</strong></span> <span class='ocrx_word' id='word_1_637' title='bbox 1187 4422 1327 4491; x_wconf 87' lang='lat' dir='ltr'><strong>discimus,</strong></span> <span class='ocrx_word' id='word_1_638' title='bbox 1342 4424 1370 4480; x_wconf 92' lang='lat' dir='ltr'><strong>in</strong></span> <span class='ocrx_word' id='word_1_639' title='bbox 1385 4440 1437 4496; x_wconf 89' lang='lat' dir='ltr'><strong>qua</strong></span> <span class='ocrx_word' id='word_1_640' title='bbox 1452 4426 1559 4497; x_wconf 87' lang='lat' dir='ltr'><strong>quidem</strong></span> <span class='ocrx_word' id='word_1_641' title='bbox 1573 4428 1631 4484; x_wconf 81' lang='lat' dir='ltr'><strong>Vita</strong></span> <span class='ocrx_word' id='word_1_642' title='bbox 1648 4428 1733 4499; x_wconf 77' lang='lat' dir='ltr'><strong>regias</strong></span> 
     </span>
     <span class='ocr_line' id='line_1_47' title="bbox 86 4501 1734 4590; baseline 0.008 -26"><span class='ocrx_word' id='word_1_643' title='bbox 86 4510 173 4578; x_wconf 85' lang='lat' dir='ltr'><strong>solet,</strong></span> <span class='ocrx_word' id='word_1_644' title='bbox 183 4527 251 4580; x_wconf 84' lang='lat' dir='ltr'><strong>quos</strong></span> <span class='ocrx_word' id='word_1_645' title='bbox 269 4513 349 4569; x_wconf 88' lang='lat' dir='ltr'><strong>etiarn</strong></span> <span class='ocrx_word' id='word_1_646' title='bbox 365 4529 493 4582; x_wconf 88' lang='lat' dir='ltr'><strong>canones,</strong></span> <span class='ocrx_word' id='word_1_647' title='bbox 505 4531 540 4572; x_wconf 89' lang='lat' dir='ltr'><strong>ue</strong></span> <span class='ocrx_word' id='word_1_648' title='bbox 558 4516 648 4572; x_wconf 90' lang='lat' dir='ltr'><strong>debito</strong></span> <span class='ocrx_word' id='word_1_649' title='bbox 668 4517 708 4572; x_wconf 93' lang='lat' dir='ltr'><strong>eis</strong></span> <span class='ocrx_word' id='word_1_650' title='bbox 719 4518 814 4575; x_wconf 88' lang='lat' dir='ltr'><strong>deesse</strong></span> <span class='ocrx_word' id='word_1_651' title='bbox 834 4533 883 4590; x_wconf 91' lang='lat' dir='ltr'><strong>pu·</strong></span> <span class='ocrx_word' id='word_1_652' title='bbox 898 4501 924 4561; x_wconf 70' lang='grc' dir='ltr'><strong>Β</strong></span> <span class='ocrx_word' id='word_1_653' title='bbox 937 4517 1033 4572; x_wconf 86' lang='lat' dir='ltr'><strong>litterae</strong></span> <span class='ocrx_word' id='word_1_654' title='bbox 1047 4517 1200 4572; x_wconf 80' lang='lat' dir='ltr'><strong>referuntur</strong></span> <span class='ocrx_word' id='word_1_655' title='bbox 1213 4514 1246 4571; x_wconf 89' lang='lat' dir='ltr'><strong>ad</strong></span> <span class='ocrx_word' id='word_1_656' title='bbox 1257 4517 1410 4589; x_wconf 89' lang='lat' dir='ltr'><strong>episcopos,</strong></span> <span class='ocrx_word' id='word_1_657' title='bbox 1422 4526 1489 4586; x_wconf 84' lang='lat' dir='ltr'><strong>etc,</strong></span> <span class='ocrx_word' id='word_1_658' title='bbox 1499 4517 1568 4575; x_wconf 82' lang='lat' dir='ltr'><strong>date</strong></span> <span class='ocrx_word' id='word_1_659' title='bbox 1578 4519 1734 4578; x_wconf 87' lang='lat' dir='ltr'><strong>simuicum</strong></span> 
     </span>
     <span class='ocr_line' id='line_1_48' title="bbox 86 4600 1734 4677; baseline 0.004 -18"><span class='ocrx_word' id='word_1_660' title='bbox 86 4612 162 4659; x_wconf 84' lang='lat' dir='ltr'><strong>tator</strong></span> <span class='ocrx_word' id='word_1_661' title='bbox 180 4603 336 4673; x_wconf 89' lang='lat' dir='ltr'><strong>auctoritas,</strong></span> <span class='ocrx_word' id='word_1_662' title='bbox 355 4620 370 4660; x_wconf 91' lang='lat' dir='ltr'><strong>a</strong></span> <span class='ocrx_word' id='word_1_663' title='bbox 390 4604 498 4677; x_wconf 88' lang='lat' dir='ltr'><strong>regibus</strong></span> <span class='ocrx_word' id='word_1_664' title='bbox 515 4600 705 4674; x_wconf 85' lang='lat' dir='ltr'><strong>comprobatos</strong></span> <span class='ocrx_word' id='word_1_665' title='bbox 722 4616 750 4663; x_wconf 92' lang='lat' dir='ltr'><strong>el</strong></span> <span class='ocrx_word' id='word_1_666' title='bbox 765 4606 884 4665; x_wconf 80' lang='lat' dir='ltr'><strong>firmatos</strong></span> <span class='ocrx_word' id='word_1_667' title='bbox 936 4604 1055 4662; x_wconf 90' lang='lat' dir='ltr'><strong>indiculo</strong></span> <span class='ocrx_word' id='word_1_668' title='bbox 1075 4604 1109 4661; x_wconf 91' lang='lat' dir='ltr'><strong>ati</strong></span> <span class='ocrx_word' id='word_1_669' title='bbox 1121 4603 1269 4677; x_wconf 88' lang='lat' dir='ltr'><strong>Sulpicium</strong></span> <span class='ocrx_word' id='word_1_670' title='bbox 1283 4608 1518 4675; x_wconf 85' lang='lat' dir='ltr'><strong>metropolitanum</strong></span> <span class='ocrx_word' id='word_1_671' title='bbox 1532 4623 1542 4664; x_wconf 79' lang='lat' dir='ltr'><strong>a</strong></span> <span class='ocrx_word' id='word_1_672' title='bbox 1556 4609 1603 4665; x_wconf 88' lang='lat' dir='ltr'><strong>sed</strong></span> <span class='ocrx_word' id='word_1_673' title='bbox 1618 4609 1644 4664; x_wconf 91' lang='lat' dir='ltr'><strong>io</strong></span> <span class='ocrx_word' id='word_1_674' title='bbox 1658 4610 1734 4667; x_wconf 88' lang='lat' dir='ltr'><strong>iodi·.</strong></span> 
     </span>
     <span class='ocr_line' id='line_1_49' title="bbox 88 4695 1735 4780; baseline 0.004 -31"><span class='ocrx_word' id='word_1_675' title='bbox 88 4695 190 4764; x_wconf 90' lang='lat' dir='ltr'><strong>passim</strong></span> <span class='ocrx_word' id='word_1_676' title='bbox 204 4695 328 4767; x_wconf 87' lang='lat' dir='ltr'><strong>legimus.</strong></span> <span class='ocrx_word' id='word_1_677' title='bbox 344 4696 373 4754; x_wconf 89' lang='lat' dir='ltr'><strong>Si</strong></span> <span class='ocrx_word' id='word_1_678' title='bbox 389 4705 477 4753; x_wconf 87' lang='lat' dir='ltr'><strong>tomen</strong></span> <span class='ocrx_word' id='word_1_679' title='bbox 489 4696 612 4768; x_wconf 86' lang='lat' dir='ltr'><strong>Gregorii</strong></span> <span class='ocrx_word' id='word_1_680' title='bbox 623 4699 766 4758; x_wconf 82' lang='lat' dir='ltr'><strong>historiam</strong></span> <span class='ocrx_word' id='word_1_681' title='bbox 779 4700 885 4774; x_wconf 88' lang='lat' dir='ltr'><strong>aliaque</strong></span> <span class='ocrx_word' id='word_1_682' title='bbox 935 4697 997 4752; x_wconf 91' lang='lat' dir='ltr'><strong>colo</strong></span> <span class='ocrx_word' id='word_1_683' title='bbox 1012 4711 1060 4752; x_wconf 85' lang='grc' dir='ltr'><strong>ιιι</strong></span> <span class='ocrx_word' id='word_1_684' title='bbox 1073 4711 1108 4752; x_wconf 89' lang='lat' dir='ltr'><strong>ne</strong></span> <span class='ocrx_word' id='word_1_685' title='bbox 1120 4695 1231 4752; x_wconf 84' lang='lat' dir='ltr'><strong>verbum</strong></span> <span class='ocrx_word' id='word_1_686' title='bbox 1245 4696 1353 4768; x_wconf 88' lang='lat' dir='ltr'><strong>quidam</strong></span> <span class='ocrx_word' id='word_1_687' title='bbox 1367 4697 1448 4756; x_wconf 88' lang='lat' dir='ltr'><strong>habel</strong></span> <span class='ocrx_word' id='word_1_688' title='bbox 1460 4701 1494 4756; x_wconf 90' lang='lat' dir='ltr'><strong>de</strong></span> <span class='ocrx_word' id='word_1_689' title='bbox 1507 4700 1571 4757; x_wconf 90' lang='lat' dir='ltr'><strong>cieri</strong></span> <span class='ocrx_word' id='word_1_690' title='bbox 1587 4700 1629 4755; x_wconf 86' lang='lat' dir='ltr'><strong>rei</strong></span> <span class='ocrx_word' id='word_1_691' title='bbox 1645 4702 1735 4780; x_wconf 81' lang='lat' dir='ltr'><strong>piehis</strong></span> 
     </span>
     <span class='ocr_line' id='line_1_50' title="bbox 88 4784 1730 4861; baseline 0.007 -22"><span class='ocrx_word' id='word_1_692' title='bbox 88 4784 149 4853; x_wconf 74' lang='lat' dir='ltr'><strong>cluss</strong></span> <span class='ocrx_word' id='word_1_693' title='bbox 162 4801 245 4856; x_wconf 87' lang='lat' dir='ltr'><strong>opera</strong></span> <span class='ocrx_word' id='word_1_694' title='bbox 259 4788 428 4854; x_wconf 83' lang='lat' dir='ltr'><strong>eroirarnus,</strong></span> <span class='ocrx_word' id='word_1_695' title='bbox 444 4790 605 4847; x_wconf 90' lang='lat' dir='ltr'><strong>contrariam</strong></span> <span class='ocrx_word' id='word_1_696' title='bbox 620 4790 731 4848; x_wconf 90' lang='lat' dir='ltr'><strong>omnino</strong></span> <span class='ocrx_word' id='word_1_697' title='bbox 746 4790 788 4847; x_wconf 89' lang='lat' dir='ltr'><strong>his</strong></span> <span class='ocrx_word' id='word_1_698' title='bbox 802 4807 885 4848; x_wconf 91' lang='lat' dir='ltr'><strong>cano·</strong></span> <span class='ocrx_word' id='word_1_699' title='bbox 936 4790 1068 4847; x_wconf 89' lang='lat' dir='ltr'><strong>electione</strong></span> <span class='ocrx_word' id='word_1_700' title='bbox 1084 4799 1131 4845; x_wconf 88' lang='lat' dir='ltr'><strong>aut</strong></span> <span class='ocrx_word' id='word_1_701' title='bbox 1146 4803 1297 4854; x_wconf 84' lang='lat' dir='ltr'><strong>consensu,</strong></span> <span class='ocrx_word' id='word_1_702' title='bbox 1313 4791 1418 4847; x_wconf 74' lang='lat' dir='ltr'><strong>tametm</strong></span> <span class='ocrx_word' id='word_1_703' title='bbox 1437 4792 1464 4848; x_wconf 92' lang='lat' dir='ltr'><strong>in</strong></span> <span class='ocrx_word' id='word_1_704' title='bbox 1478 4794 1536 4849; x_wconf 90' lang='lat' dir='ltr'><strong>suis</strong></span> <span class='ocrx_word' id='word_1_705' title='bbox 1551 4793 1647 4851; x_wconf 81' lang='lat' dir='ltr'><strong>litteris</strong></span> <span class='ocrx_word' id='word_1_706' title='bbox 1663 4810 1730 4861; x_wconf 75' lang='lat' dir='ltr'><strong>mos</strong></span> 
     </span>
     <span class='ocr_line' id='line_1_51' title="bbox 88 4878 1732 4958; baseline 0.003 -23"><span class='ocrx_word' id='word_1_707' title='bbox 88 4878 169 4935; x_wconf 76' lang='lat' dir='ltr'><strong>smus</strong></span> <span class='ocrx_word' id='word_1_708' title='bbox 182 4878 407 4935; x_wconf 85' lang='lat' dir='ltr'><strong>cousuetudinem</strong></span> <span class='ocrx_word' id='word_1_709' title='bbox 420 4890 483 4936; x_wconf 85' lang='lat' dir='ltr'><strong>tunc</strong></span> <span class='ocrx_word' id='word_1_710' title='bbox 497 4882 626 4953; x_wconf 87' lang='lat' dir='ltr'><strong>temporis</strong></span> <span class='ocrx_word' id='word_1_711' title='bbox 640 4882 756 4955; x_wconf 84' lang='lat' dir='ltr'><strong>riguisse</strong></span> <span class='ocrx_word' id='word_1_712' title='bbox 770 4883 885 4940; x_wconf 87' lang='lat' dir='ltr'><strong>nonrrui·</strong></span> <span class='ocrx_word' id='word_1_713' title='bbox 937 4879 1061 4943; x_wconf 82' lang='lat' dir='ltr'><strong>laudatis,</strong></span> <span class='ocrx_word' id='word_1_714' title='bbox 1083 4879 1152 4937; x_wconf 87' lang='lat' dir='ltr'><strong>hanc</strong></span> <span class='ocrx_word' id='word_1_715' title='bbox 1171 4879 1366 4950; x_wconf 88' lang='lat' dir='ltr'><strong>promotionem</strong></span> <span class='ocrx_word' id='word_1_716' title='bbox 1386 4898 1444 4936; x_wconf 86' lang='lat' dir='ltr'><strong>cem</strong></span> <span class='ocrx_word' id='word_1_717' title='bbox 1463 4883 1584 4941; x_wconf 66' lang='lat' dir='ltr'><strong>simiam</strong></span> <span class='ocrx_word' id='word_1_718' title='bbox 1604 4886 1732 4958; x_wconf 74' lang='lat' dir='ltr'><strong>totiusque</strong></span> 
     </span>
     <span class='ocr_line' id='line_1_52' title="bbox 87 4968 1524 5045; baseline 0.006 -21"><span class='ocrx_word' id='word_1_719' title='bbox 87 4970 124 5024; x_wconf 92' lang='lat' dir='ltr'><strong>iis</strong></span> <span class='ocrx_word' id='word_1_720' title='bbox 139 4968 284 5037; x_wconf 85' lang='lat' dir='ltr'><strong>ridebitur,</strong></span> <span class='ocrx_word' id='word_1_721' title='bbox 304 4985 365 5026; x_wconf 90' lang='lat' dir='ltr'><strong>cum</strong></span> <span class='ocrx_word' id='word_1_722' title='bbox 384 4968 422 5028; x_wconf 89' lang='lat' dir='ltr'><strong>ibi</strong></span> <span class='ocrx_word' id='word_1_723' title='bbox 442 4973 561 5043; x_wconf 84' lang='lat' dir='ltr'><strong>legamus</strong></span> <span class='ocrx_word' id='word_1_724' title='bbox 579 4972 679 5044; x_wconf 77' lang='lat' dir='ltr'><strong>passim</strong></span> <span class='ocrx_word' id='word_1_725' title='bbox 697 4973 883 5045; x_wconf 85' lang='lat' dir='ltr'><strong>episcoporum</strong></span> <span class='ocrx_word' id='word_1_726' title='bbox 937 4973 1000 5029; x_wconf 85' lang='lat' dir='ltr'><strong>cleri</strong></span> <span class='ocrx_word' id='word_1_727' title='bbox 1014 4976 1179 5030; x_wconf 80' lang='lat' dir='ltr'><strong>conscsuione</strong></span> <span class='ocrx_word' id='word_1_728' title='bbox 1191 4971 1289 5031; x_wconf 87' lang='lat' dir='ltr'><strong>iactam</strong></span> <span class='ocrx_word' id='word_1_729' title='bbox 1304 4974 1389 5033; x_wconf 84' lang='lat' dir='ltr'><strong>icisse</strong></span> <span class='ocrx_word' id='word_1_730' title='bbox 1400 4983 1524 5033; x_wconf 86' lang='lat' dir='ltr'><strong>testatur.</strong></span> 
     </span>
     <span class='ocr_line' id='line_1_53' title="bbox 87 5061 1732 5141; baseline 0.007 -26"><span class='ocrx_word' id='word_1_731' title='bbox 87 5061 275 5118; x_wconf 69' lang='lat' dir='ltr'><strong>sscmsiones</strong></span> <span class='ocrx_word' id='word_1_732' title='bbox 293 5063 468 5133; x_wconf 80' lang='lat' dir='ltr'><strong>precipiente</strong></span> <span class='ocrx_word' id='word_1_733' title='bbox 487 5077 551 5129; x_wconf 84' lang='lat' dir='ltr'><strong>rege</strong></span> <span class='ocrx_word' id='word_1_734' title='bbox 570 5071 634 5120; x_wconf 92' lang='lat' dir='ltr'><strong>tunc</strong></span> <span class='ocrx_word' id='word_1_735' title='bbox 652 5066 783 5137; x_wconf 88' lang='lat' dir='ltr'><strong>temporis</strong></span> <span class='ocrx_word' id='word_1_736' title='bbox 800 5064 885 5122; x_wconf 88' lang='lat' dir='ltr'><strong>isctas</strong></span> <span class='ocrx_word' id='word_1_737' title='bbox 973 5064 1019 5122; x_wconf 74' lang='lat' dir='ltr'><strong>st.</strong></span> <span class='ocrx_word' id='word_1_738' title='bbox 1040 5064 1115 5122; x_wconf 89' lang='lat' dir='ltr'><strong>ilaud</strong></span> <span class='ocrx_word' id='word_1_739' title='bbox 1131 5073 1219 5121; x_wconf 87' lang='lat' dir='ltr'><strong>tumen</strong></span> <span class='ocrx_word' id='word_1_740' title='bbox 1233 5065 1350 5123; x_wconf 89' lang='lat' dir='ltr'><strong>diiiitear</strong></span> <span class='ocrx_word' id='word_1_741' title='bbox 1363 5067 1509 5127; x_wconf 90' lang='lat' dir='ltr'><strong>electiones</strong></span> <span class='ocrx_word' id='word_1_742' title='bbox 1528 5070 1632 5128; x_wconf 89' lang='lat' dir='ltr'><strong>acisro</strong></span> <span class='ocrx_word' id='word_1_743' title='bbox 1644 5078 1672 5127; x_wconf 90' lang='grc' dir='ltr'><strong>ιι</strong></span> <span class='ocrx_word' id='word_1_744' title='bbox 1683 5087 1732 5141; x_wconf 88' lang='lat' dir='ltr'><strong>po·</strong></span> 
     </span>
     <span class='ocr_line' id='line_1_54' title="bbox 87 5151 1733 5234; baseline 0.01 -29"><span class='ocrx_word' id='word_1_745' title='bbox 87 5154 183 5207; x_wconf 75' lang='lat' dir='ltr'><strong>irrisae.</strong></span> <span class='ocrx_word' id='word_1_746' title='bbox 203 5151 270 5220; x_wconf 80' lang='lat' dir='ltr'><strong>tite,</strong></span> <span class='ocrx_word' id='word_1_747' title='bbox 283 5153 379 5225; x_wconf 89' lang='lat' dir='ltr'><strong>inquit.</strong></span> <span class='ocrx_word' id='word_1_748' title='bbox 399 5154 571 5224; x_wconf 82' lang='lat' dir='ltr'><strong>preceptione</strong></span> <span class='ocrx_word' id='word_1_749' title='bbox 581 5155 648 5227; x_wconf 86' lang='lat' dir='ltr'><strong>repis</strong></span> <span class='ocrx_word' id='word_1_750' title='bbox 662 5155 691 5211; x_wconf 93' lang='lat' dir='ltr'><strong>io</strong></span> <span class='ocrx_word' id='word_1_751' title='bbox 704 5156 820 5226; x_wconf 88' lang='lat' dir='ltr'><strong>episcopi</strong></span> <span class='ocrx_word' id='word_1_752' title='bbox 834 5157 883 5212; x_wconf 89' lang='lat' dir='ltr'><strong>de·</strong></span> <span class='ocrx_word' id='word_1_753' title='bbox 938 5158 1001 5228; x_wconf 88' lang='lat' dir='ltr'><strong>poio</strong></span> <span class='ocrx_word' id='word_1_754' title='bbox 1014 5156 1097 5213; x_wconf 87' lang='lat' dir='ltr'><strong>iactas</strong></span> <span class='ocrx_word' id='word_1_755' title='bbox 1121 5171 1313 5229; x_wconf 87' lang='lat' dir='ltr'><strong>nonuunquam</strong></span> <span class='ocrx_word' id='word_1_756' title='bbox 1329 5159 1466 5230; x_wconf 83' lang='lat' dir='ltr'><strong>aregium</strong></span> <span class='ocrx_word' id='word_1_757' title='bbox 1478 5161 1622 5234; x_wconf 85' lang='lat' dir='ltr'><strong>abrogatas</strong></span> <span class='ocrx_word' id='word_1_758' title='bbox 1635 5162 1733 5232; x_wconf 71' lang='lat' dir='ltr'><strong>initu.</strong></span> 
     </span>
     <span class='ocr_line' id='line_1_55' title="bbox 85 5245 1731 5327; baseline 0.009 -30"><span class='ocrx_word' id='word_1_759' title='bbox 85 5245 173 5302; x_wconf 82' lang='lat' dir='ltr'><strong>iuncti</strong></span> <span class='ocrx_word' id='word_1_760' title='bbox 186 5245 276 5302; x_wconf 88' lang='lat' dir='ltr'><strong>iocum</strong></span> <span class='ocrx_word' id='word_1_761' title='bbox 291 5256 332 5303; x_wconf 89' lang='lat' dir='ltr'><strong>est</strong></span> <span class='ocrx_word' id='word_1_762' title='bbox 346 5245 509 5304; x_wconf 91' lang='lat' dir='ltr'><strong>substitutus</strong></span> <span class='ocrx_word' id='word_1_763' title='bbox 519 5262 530 5305; x_wconf 87' lang='lat' dir='ltr'><strong>a</strong></span> <span class='ocrx_word' id='word_1_764' title='bbox 542 5257 601 5314; x_wconf 90' lang='lat' dir='ltr'><strong>sut,</strong></span> <span class='ocrx_word' id='word_1_765' title='bbox 615 5245 675 5314; x_wconf 91' lang='lat' dir='ltr'><strong>ilie,</strong></span> <span class='ocrx_word' id='word_1_766' title='bbox 690 5248 816 5305; x_wconf 90' lang='lat' dir='ltr'><strong>deiuncto</strong></span> <span class='ocrx_word' id='word_1_767' title='bbox 827 5249 884 5320; x_wconf 92' lang='lat' dir='ltr'><strong>cpi·</strong></span> <span class='ocrx_word' id='word_1_768' title='bbox 938 5249 982 5304; x_wconf 87' lang='lat' dir='ltr'><strong>rei</strong></span> <span class='ocrx_word' id='word_1_769' title='bbox 1002 5248 1073 5317; x_wconf 86' lang='lat' dir='ltr'><strong>quod</strong></span> <span class='ocrx_word' id='word_1_770' title='bbox 1093 5247 1187 5305; x_wconf 84' lang='lat' dir='ltr'><strong>divisis</strong></span> <span class='ocrx_word' id='word_1_771' title='bbox 1206 5250 1276 5306; x_wconf 90' lang='lat' dir='ltr'><strong>iuter</strong></span> <span class='ocrx_word' id='word_1_772' title='bbox 1294 5250 1487 5315; x_wconf 83' lang='lat' dir='ltr'><strong>scelestorum</strong></span> <span class='ocrx_word' id='word_1_773' title='bbox 1506 5252 1650 5327; x_wconf 87' lang='lat' dir='ltr'><strong>suiiragiis,</strong></span> <span class='ocrx_word' id='word_1_774' title='bbox 1666 5256 1731 5313; x_wconf 85' lang='lat' dir='ltr'><strong>una·</strong></span> 
     </span>
     <span class='ocr_line' id='line_1_56' title="bbox 83 5336 1730 5418; baseline 0.01 -32"><span class='ocrx_word' id='word_1_775' title='bbox 83 5352 172 5405; x_wconf 67' lang='lat' dir='ltr'><strong>respo</strong></span> <span class='ocrx_word' id='word_1_776' title='bbox 191 5352 283 5410; x_wconf 74' lang='lat' dir='ltr'><strong>sreqs</strong></span> <span class='ocrx_word' id='word_1_777' title='bbox 300 5340 495 5412; x_wconf 77' lang='lat' dir='ltr'><strong>preceptionem</strong></span> <span class='ocrx_word' id='word_1_778' title='bbox 513 5336 645 5405; x_wconf 74' lang='lat' dir='ltr'><strong>obtineas:</strong></span> <span class='ocrx_word' id='word_1_779' title='bbox 663 5350 708 5397; x_wconf 91' lang='lat' dir='ltr'><strong>sut</strong></span> <span class='ocrx_word' id='word_1_780' title='bbox 721 5342 799 5407; x_wconf 79' lang='lat' dir='ltr'><strong>udus,</strong></span> <span class='ocrx_word' id='word_1_781' title='bbox 812 5342 883 5412; x_wconf 91' lang='lat' dir='ltr'><strong>quod</strong></span> <span class='ocrx_word' id='word_1_782' title='bbox 936 5351 1189 5409; x_wconf 81' lang='lat' dir='ltr'><strong>quequeparscum</strong></span> <span class='ocrx_word' id='word_1_783' title='bbox 1199 5339 1730 5418; x_wconf 79' lang='lat' dir='ltr'><strong>suociectiouislostrutueutoadrsgestt</strong></span> 
     </span>
     <span class='ocr_line' id='line_1_57' title="bbox 82 5421 1730 5506; baseline 0.008 -26"><span class='ocrx_word' id='word_1_784' title='bbox 82 5428 144 5503; x_wconf 68' lang='lat' dir='ltr'><strong>prm</strong></span> <span class='ocrx_word' id='word_1_785' title='bbox 167 5439 247 5488; x_wconf 85' lang='lat' dir='ltr'><strong>antea</strong></span> <span class='ocrx_word' id='word_1_786' title='bbox 269 5445 284 5485; x_wconf 93' lang='lat' dir='ltr'><strong>a</strong></span> <span class='ocrx_word' id='word_1_787' title='bbox 307 5446 372 5505; x_wconf 85' lang='lat' dir='ltr'><strong>rega</strong></span> <span class='ocrx_word' id='word_1_788' title='bbox 393 5435 551 5491; x_wconf 88' lang='lat' dir='ltr'><strong>mandatnm</strong></span> <span class='ocrx_word' id='word_1_789' title='bbox 575 5432 749 5500; x_wconf 89' lang='lat' dir='ltr'><strong>obtinuisset,</strong></span> <span class='ocrx_word' id='word_1_790' title='bbox 775 5437 883 5492; x_wconf 82' lang='lat' dir='ltr'><strong>ceteris</strong></span> <span class='ocrx_word' id='word_1_791' title='bbox 936 5421 1111 5500; x_wconf 76' lang='lat' dir='ltr'><strong>accessisset,</strong></span> <span class='ocrx_word' id='word_1_792' title='bbox 1126 5429 1168 5486; x_wconf 85' lang='lat' dir='ltr'><strong>rel</strong></span> <span class='ocrx_word' id='word_1_793' title='bbox 1181 5429 1252 5500; x_wconf 91' lang='lat' dir='ltr'><strong>quod</strong></span> <span class='ocrx_word' id='word_1_794' title='bbox 1266 5430 1346 5488; x_wconf 89' lang='lat' dir='ltr'><strong>eiecti</strong></span> <span class='ocrx_word' id='word_1_795' title='bbox 1361 5446 1476 5503; x_wconf 85' lang='lat' dir='ltr'><strong>persona</strong></span> <span class='ocrx_word' id='word_1_796' title='bbox 1493 5434 1549 5506; x_wconf 87' lang='lat' dir='ltr'><strong>regi</strong></span> <span class='ocrx_word' id='word_1_797' title='bbox 1563 5434 1730 5505; x_wconf 86' lang='lat' dir='ltr'><strong>displiceret.</strong></span> 
     </span>
     <span class='ocr_line' id='line_1_58' title="bbox 84 5518 1732 5597; baseline 0.007 -27"><span class='ocrx_word' id='word_1_798' title='bbox 84 5519 261 5592; x_wconf 69' lang='lat' dir='ltr'><strong>penetrabitis,</strong></span> <span class='ocrx_word' id='word_1_799' title='bbox 276 5521 389 5580; x_wconf 81' lang='lat' dir='ltr'><strong>viduatae</strong></span> <span class='ocrx_word' id='word_1_800' title='bbox 406 5525 483 5584; x_wconf 90' lang='lat' dir='ltr'><strong>orbis</strong></span> <span class='ocrx_word' id='word_1_801' title='bbox 501 5523 685 5597; x_wconf 88' lang='lat' dir='ltr'><strong>episcopatum</strong></span> <span class='ocrx_word' id='word_1_802' title='bbox 703 5524 816 5597; x_wconf 88' lang='lat' dir='ltr'><strong>adeptus</strong></span> <span class='ocrx_word' id='word_1_803' title='bbox 829 5535 882 5583; x_wconf 88' lang='lat' dir='ltr'><strong>est.</strong></span> <span class='ocrx_word' id='word_1_804' title='bbox 935 5519 990 5576; x_wconf 83' lang='lat' dir='ltr'><strong>iiec</strong></span> <span class='ocrx_word' id='word_1_805' title='bbox 1003 5521 1084 5577; x_wconf 88' lang='lat' dir='ltr'><strong>etism</strong></span> <span class='ocrx_word' id='word_1_806' title='bbox 1097 5518 1210 5576; x_wconf 87' lang='lat' dir='ltr'><strong>iniciari</strong></span> <span class='ocrx_word' id='word_1_807' title='bbox 1219 5519 1301 5577; x_wconf 81' lang='lat' dir='ltr'><strong>selim</strong></span> <span class='ocrx_word' id='word_1_808' title='bbox 1314 5523 1460 5581; x_wconf 87' lang='lat' dir='ltr'><strong>nonnullos</strong></span> <span class='ocrx_word' id='word_1_809' title='bbox 1470 5525 1639 5594; x_wconf 84' lang='lat' dir='ltr'><strong>quandoque,</strong></span> <span class='ocrx_word' id='word_1_810' title='bbox 1648 5528 1732 5582; x_wconf 88' lang='lat' dir='ltr'><strong>stiam</strong></span> 
     </span>
     <span class='ocr_line' id='line_1_59' title="bbox 84 5612 1732 5688; baseline 0.01 -23"><span class='ocrx_word' id='word_1_811' title='bbox 84 5612 203 5683; x_wconf 74' lang='lat' dir='ltr'><strong>Quibus,</strong></span> <span class='ocrx_word' id='word_1_812' title='bbox 219 5621 266 5668; x_wconf 87' lang='lat' dir='ltr'><strong>aot</strong></span> <span class='ocrx_word' id='word_1_813' title='bbox 279 5615 488 5681; x_wconf 73' lang='lat' dir='ltr'><strong>censentibus</strong></span> <span class='ocrx_word' id='word_1_814' title='bbox 501 5614 595 5673; x_wconf 85' lang='lat' dir='ltr'><strong>serbis</strong></span> <span class='ocrx_word' id='word_1_815' title='bbox 608 5630 669 5672; x_wconf 88' lang='lat' dir='ltr'><strong>curn</strong></span> <span class='ocrx_word' id='word_1_816' title='bbox 685 5617 769 5672; x_wconf 90' lang='lat' dir='ltr'><strong>utitur</strong></span> <span class='ocrx_word' id='word_1_817' title='bbox 778 5616 881 5688; x_wconf 82' lang='lat' dir='ltr'><strong>Grego·</strong></span> <span class='ocrx_word' id='word_1_818' title='bbox 936 5627 989 5669; x_wconf 90' lang='lat' dir='ltr'><strong>ooo</strong></span> <span class='ocrx_word' id='word_1_819' title='bbox 1003 5620 1157 5683; x_wconf 79' lang='lat' dir='ltr'><strong>suspectata</strong></span> <span class='ocrx_word' id='word_1_820' title='bbox 1170 5613 1237 5670; x_wconf 90' lang='lat' dir='ltr'><strong>cieri</strong></span> <span class='ocrx_word' id='word_1_821' title='bbox 1246 5623 1294 5669; x_wconf 87' lang='lat' dir='ltr'><strong>aut</strong></span> <span class='ocrx_word' id='word_1_822' title='bbox 1307 5615 1398 5687; x_wconf 84' lang='lat' dir='ltr'><strong>populi</strong></span> <span class='ocrx_word' id='word_1_823' title='bbox 1413 5618 1578 5681; x_wconf 78' lang='grc' dir='ltr'><strong>ιιοιιιιιιιι.ι</strong></span> <span class='ocrx_word' id='word_1_824' title='bbox 1592 5617 1689 5686; x_wconf 81' lang='lat' dir='ltr'><strong>polsds</strong></span> <span class='ocrx_word' id='word_1_825' title='bbox 1704 5620 1732 5681; x_wconf 85' lang='lat' dir='ltr'><strong>itt</strong></span> 
     </span>
     <span class='ocr_line' id='line_1_60' title="bbox 85 5700 1734 5786; baseline 0.01 -23"><span class='ocrx_word' id='word_1_826' title='bbox 85 5704 158 5769; x_wconf 82' lang='lat' dir='ltr'><strong>rius,</strong></span> <span class='ocrx_word' id='word_1_827' title='bbox 169 5700 310 5776; x_wconf 72' lang='lat' dir='ltr'><strong>«placeres</strong></span> <span class='ocrx_word' id='word_1_828' title='bbox 322 5720 371 5768; x_wconf 92' lang='lat' dir='ltr'><strong>oon</strong></span> <span class='ocrx_word' id='word_1_829' title='bbox 383 5711 470 5783; x_wconf 68' lang='lat' dir='ltr'><strong>ittera</strong></span> <span class='ocrx_word' id='word_1_830' title='bbox 487 5707 589 5771; x_wconf 88' lang='lat' dir='ltr'><strong>titium</strong></span> <span class='ocrx_word' id='word_1_831' title='bbox 603 5717 647 5765; x_wconf 87' lang='lat' dir='ltr'><strong>aut</strong></span> <span class='ocrx_word' id='word_1_832' title='bbox 661 5706 726 5768; x_wconf 87' lang='lat' dir='ltr'><strong>cieri</strong></span> <span class='ocrx_word' id='word_1_833' title='bbox 736 5707 880 5777; x_wconf 84' lang='lat' dir='ltr'><strong>electione,</strong></span> <span class='ocrx_word' id='word_1_834' title='bbox 934 5707 1023 5769; x_wconf 83' lang='lat' dir='ltr'><strong>locutu</strong></span> <span class='ocrx_word' id='word_1_835' title='bbox 1038 5702 1225 5766; x_wconf 77' lang='lat' dir='ltr'><strong>defunctorum</strong></span> <span class='ocrx_word' id='word_1_836' title='bbox 1240 5711 1430 5782; x_wconf 86' lang='lat' dir='ltr'><strong>episcoporum</strong></span> <span class='ocrx_word' id='word_1_837' title='bbox 1453 5724 1469 5766; x_wconf 86' lang='lat' dir='ltr'><strong>a</strong></span> <span class='ocrx_word' id='word_1_838' title='bbox 1490 5723 1553 5786; x_wconf 73' lang='lat' dir='ltr'><strong>test</strong></span> <span class='ocrx_word' id='word_1_839' title='bbox 1565 5709 1650 5778; x_wconf 75' lang='lat' dir='ltr'><strong>luitis</strong></span> <span class='ocrx_word' id='word_1_840' title='bbox 1669 5713 1734 5781; x_wconf 74' lang='lat' dir='ltr'><strong>titis</strong></span> 
     </span>
    </p>
   </div>
   <div class='ocr_carea' id='block_1_5' title="bbox 0 0 1876 6244">
    <p class='ocr_par' dir='ltr' id='par_1_6' title="bbox 0 0 1876 6244">
     <span class='ocr_line' id='line_1_61' title="bbox 0 0 1876 6244; baseline 0 0"><span class='ocrx_word' id='word_1_841' title='bbox 0 0 1876 6244; x_wconf 95' lang='lat' dir='ltr'><strong> </strong></span> 
     </span>
    </p>
   </div>
  </div>
 </body>
</html>
