3736 6248
82 342 135 402 rrr
232 367 235 371 >
589 338 769 402 nrsroms
789 338 1029 402 rannconnu.
1049 337 1163 401 amun
1180 336 1331 402 rmuus.
1737 286 1829 390 ‘ue

79 483 138 528 nus
161 467 266 537 factus,
283 464 407 525 domum
428 479 512 525 suam
532 464 598 524 lecit
616 464 776 524 ecclesiam.
803 465 872 525 Haec
893 467 964 527 esth
974 470 1080 536 motus,
1102 465 1192 526 credit
1211 465 1335 536 Christo,
1358 461 1525 546 relictisque
1545 455 1679 518 fanaticis
1691 450 1827 515 s'ordibns

78 570 159 615 nunc
177 555 298 614 ecclesia
325 553 402 628 apud
430 552 573 627 Biturigas
596 553 699 614 urbem
729 554 833 628 prima,
861 555 934 614 miro
974 571 1007 615 ac
1022 555 1164 630 baptismo
1186 560 1377 623 consecratus,
1400 565 1525 626 magnus
1550 548 1581 607 in
1601 547 1742 606 virtutum
1755 556 1826 616 ope·

76 662 165 720 opere
186 643 353 719 composita,
375 649 404 701 et
426 643 514 717 primi
542 644 678 717 martyris
703 643 841 719 Stephani
865 645 934 703 reli·
975 646 1086 705 ratione
1107 647 1222 706 enituit.
1250 646 1307 704 Nec
1330 643 1423 703 mulio
1445 648 1509 716 post
1524 655 1575 714 per
1596 635 1779 710 martyrium,
1793 632 1828 690 ut

77 734 158 810 quiis
170 734 314 803 illustrata
327 745 350 790 ·.
834 802 838 810 Ι
887 776 896 785 .
974 736 1116 807 diximus,
1134 736 1265 795 interris
1282 734 1391 805 sociati,
1414 732 1450 791 ad
1473 728 1599 789 eoelestia
1618 725 1725 801 paritor
1737 734 1828 797 regua

119 827 168 887 25
189 821 278 880 XXX.
302 820 452 895 Vigesimo
469 819 591 894 septimo
620 819 691 890 loco,
711 816 881 881 Valerianus
905 829 934 882 et
974 824 1175 896 migraverunt
1187 832 1210 881 ι.
1822 861 1834 871 -

77 908 232 971 Gallienus
244 911 411 970 Romanum
427 908 585 982 imperium
600 915 669 967 sunt
681 909 786 983 adepti,
802 911 853 984 qni
870 927 933 982 gra·
1009 911 1129 971 XXXII.
1144 911 1328 970 irruentibus
1351 916 1448 969 autem
1469 903 1642 966 Alamannis
1656 901 1690 960 in
1704 896 1825 996 Gallias,

78 1016 145 1060 rem
167 1008 267 1061 contra
287 999 466 1061 Christianos
489 998 718 1072 persecutionem
737 1016 790 1059 suo
807 1009 933 1076 tempore
974 1009 1090 1060 sanctus
1118 1000 1251 1059 Privatus
1275 999 1454 1058 Gabalitanis
1477 996 1558 1055 urbis
1587 991 1740 1067 episcopus
1754 984 1777 1058 ¹,
1792 997 1826 1043 ιιι

78 1096 309 1149 commoverunt.
326 1088 411 1149 Tune
431 1088 554 1147 Romam
570 1087 721 1148 Cornelius
733 1095 754 1160 ⁸,
771 1089 933 1164 Cyprianus
974 1096 1071 1164 crypta
1084 1087 1301 1147 blemmatensis
1314 1088 1429 1157 montis,
1443 1086 1494 1144 ubi
1503 1082 1625 1159 jejuniis
1634 1075 1826 1172 orationibus:

78 1178 283 1253 Carthaginem
293 1178 370 1237 lelici
380 1178 524 1251 sanguiue
534 1176 852 1238 illustraruntilornm
864 1186 933 1239 tem·
976 1192 1032 1251 que
1054 1177 1182 1248 vacabat,
1208 1177 1359 1251 reperitur,
1389 1174 1495 1250 populo
1520 1165 1715 1233 Gredonensis
1740 1167 1827 1223 casin

78 1283 148 1343 pore
175 1275 205 1326 et
223 1267 352 1327 Chrocus
379 1266 429 1326 ille
453 1266 684 1326 Alamannorum
706 1284 769 1339 rex,
790 1276 932 1330 commoto
976 1270 1007 1328 in
1027 1270 1190 1331 munitione
1210 1268 1346 1327 concluso
1360 1268 1377 1326 i.
1397 1266 1454 1325 Sed
1475 1266 1546 1343 dum
1565 1275 1633 1320 oves
1648 1272 1716 1316 suas
1731 1255 1826 1312 bonus

78 1358 221 1428 exercitu,
254 1358 361 1417 Gallias
391 1357 567 1433 pervagavit.
598 1357 654 1417 Hie
681 1364 777 1418 autem
805 1357 932 1419 Chrocus
974 1362 1070 1430 pastor
1082 1357 1159 1430 lupis
1172 1357 1282 1415 tradere
1297 1370 1356 1412 non
1378 1351 1531 1421 consentit,
1549 1345 1704 1406 daemoniis
1717 1343 1826 1401 immo-

78 1445 181 1505 muliae
199 1447 373 1520 arrogantiae
393 1447 484 1506 fertur
505 1445 615 1505 inisse:
632 1447 683 1520 qui
705 1462 773 1506 cum
789 1448 932 1508 nonnulla
974 1447 1033 1505 lare
1050 1446 1244 1521 compellitur.
1267 1445 1349 1516 Quod
1366 1457 1505 1519 spurcum
1524 1439 1573 1498 ille
1593 1445 1651 1497 um
1671 1444 1827 1494 exsecrans

28 1584 34 1592 .
77 1534 182 1609 inique
194 1536 339 1609 gessisset,
357 1551 409 1611 per
422 1535 588 1608 consilium,
605 1542 638 1595 ut
650 1537 743 1608 aiunt,
757 1538 857 1597 matris
872 1538 931 1598 ini·
973 1548 1061 1606 quam
1077 1533 1217 1604 refutans,
1232 1532 1333 1590 tandiu
1352 1530 1478 1590 instibns
1490 1525 1622 1595 caeditur,
1635 1519 1826 1598 quoadusque

77 1641 156 1700 ιιι,
170 1628 330 1699 collectam,
344 1634 376 1688 ut
386 1628 527 1700 diximus,
537 1628 768 1688 Alamannorum
782 1635 897 1703 gentem
910 1641 930 1703 ι,
973 1628 1123 1696 putaretur
1150 1622 1306 1680 exanimis.
1336 1618 1392 1679 Sed
1416 1636 1452 1678 ex
1479 1619 1542 1693 ipsa
1569 1613 1764 1692 quassatione,
1777 1607 1825 1667 in·

75 1714 232 1774 universas
246 1715 355 1776 Gallias
369 1724 554 1791 pervagatur,
570 1724 746 1791 cunctasque
761 1718 848 1788 rades,
865 1733 931 1793 quae
973 1713 1116 1786 terpositis
1136 1713 1236 1787 paucis
1248 1713 1360 1782 diebus,
1377 1712 1511 1786 spiritum
1523 1707 1681 1770 exhalavit.
1696 1703 1826 1763 unrocus

72 1803 240 1878 antiquitus
256 1804 403 1866 fabricatae
418 1805 543 1876 inerant,
560 1820 578 1863 a
594 1807 792 1867 fundamentis
805 1808 960 1889 subter-B
972 1817 1040 1859 vero
1061 1803 1138 1876 apud
1164 1801 1363 1862 Arelaieoscrn
1384 1801 1547 1861 Galliarum
1569 1799 1671 1860 urbem
1695 1805 1824 1867 compre·

73 1892 118 1951 ιιι.
144 1892 273 1954 Veniens
300 1911 367 1955 vero
392 1897 548 1970 Arvernos,
565 1896 722 1955 delubrum
747 1896 833 1970 illud,
851 1899 928 1971 quod
971 1889 1092 1959 bessius,
1122 1889 1245 1948 divitiis
1270 1890 1389 1948 effecius
1412 1887 1573 1962 suillissiib
1600 1884 1696 1960 GladiO
1719 1882 1824 1943 Velm·

72 1981 186 2042 Gallica
207 1984 307 2061 lingua
327 1986 418 2046 Vasso
439 1986 452 2023 ι
472 1986 581 2047 Galatae
600 1994 712 2058 vocant,
728 1988 867 2059 incendit,
881 1990 927 2048 di·
971 1985 1050 2036 ratus
1068 1978 1188 2050 interiit,
1208 1993 1267 2037 ”⁰11
1283 1977 1428 2038 immisito
1446 1991 1547 2051 lloessis
1564 1990 1637 2050 ‘luas
1652 1972 1757 2031 sancus
1770 1967 1823 2029 Dei

71 2070 144 2143 ruit,
166 2078 253 2147 atqrm
274 2076 424 2136 subvertit.
446 2075 520 2136 bliro
542 2074 622 2136 enim
645 2070 731 2150 opere
751 2077 859 2137 factum
872 2077 928 2137 luit
971 2067 1118 2141 intulerat,
1133 2069 1228 2128 luens.

70 2166 162 2233 atque
176 2160 336 2235 firmatum,
357 2165 444 2238 cujus
462 2165 556 2238 paries
578 2165 686 2239 duplex
702 2174 771 2225 erat.
788 2167 833 2226 hb
846 2167 927 2228 intus
1006 2156 1139 2216 XXXIII·
1155 2157 1216 2218 Sub
1231 2158 1419 2229 Diocletiano,
1440 2157 1491 2233 qui
1507 2154 1651 2216 tricesimo
1665 2151 1749 2211 tertio
1759 2151 1824 2211 loco

69 2247 153 2306 enim
166 2248 202 2307 de
220 2250 333 2311 minuto
349 2252 445 2327 lapide
459 2276 465 2321 ;
480 2269 497 2312 a
512 2254 581 2312 ioris
595 2270 664 2314 vero
678 2256 799 2330 quadris
813 2255 929 2330 scalptis
969 2247 1138 2311 Romanum
1151 2249 1228 2309 rexit
1241 2250 1409 2326 imperium,
1421 2250 1517 2324 gravis
1531 2254 1630 2306 conica
1644 2243 1823 2304 Christianos

70 2337 247 2399 fabricatum
265 2340 331 2400 inii.
354 2342 465 2402 Habuit
485 2343 564 2401 enim
586 2343 679 2418 paries
693 2344 744 2402 ille
759 2345 929 2406 crassitudi·
969 2355 1020 2413 per
1038 2356 1130 2400 annos
1144 2343 1287 2415 quotuorl
1305 2339 1466 2414 persecutio
1487 2337 1631 2412 exagitata
1653 2341 1717 2393 est:
1736 2333 1775 2392 iia
1788 2336 1822 2391 ut

71 2438 144 2483 nem
165 2425 253 2499 pedes
277 2428 404 2501 triginta.
435 2427 611 2489 intrinsecus
635 2444 703 2488 tero
725 2445 868 2490 marmore
895 2447 928 2490 ac
969 2430 1094 2504 quadam
1109 2431 1172 2489 vice
1187 2431 1217 2489 in
1232 2429 1295 2504 ipso
1311 2428 1562 2489 sacratissimodie
1578 2425 1705 2496 Paschae,
1720 2421 1822 2497 magni

70 2513 192 2574 musivo
216 2516 360 2575 variatum
383 2524 443 2577 erat
466 2531 487 2576 ·.
508 2518 711 2579 Pavimenium
725 2534 841 2593 quoque
856 2519 928 2579 {edis
970 2519 1197 2580 Chn'stianorum
1220 2519 1320 2595 populi
1338 2519 1375 2580 ob
1400 2518 1462 2577 veri
1480 2517 1532 2576 Dei
1550 2516 1662 2575 cultum
1677 2511 1822 2573 interlice-

70 2616 220 2661 marmore
235 2609 368 2676 stratum,
381 2604 504 2679 desuper
518 2620 585 2663 vero
602 2604 721 2678 plumbo
736 2612 853 2666 tectum.
969 2614 1081 2666 rentur.
1103 2607 1145 2668 Eo
1165 2615 1303 2682 tempore,
1328 2603 1469 2676 Quirinus
1484 2602 1665 2664 sisciensisl
1686 2597 1822 2659 Eoelesiae

108 2690 215 2759 xxxi.
230 2693 342 2752 iunial
361 2694 437 2752 hane
451 2694 553 2753 urbem
565 2693 722 2765 Liminius,
735 2694 926 2754 Aniolianus-
969 2697 1102 2756 sacerdos
1125 2696 1285 2771 gloriosum
1305 2713 1357 2772 pro
1376 2695 1482 2755 libristi
1506 2693 1626 2754 nomine
1649 2689 1822 2766 martyrium

67 2796 133 2856 oue
145 2788 287 2857 martyres
304 2783 499 2860 requiescunt.
524 2784 569 2866 lbi
593 2784 697 2844 Gassus
711 2799 744 2843 ac
757 2783 927 2847 Victorinus
971 2786 1047 2858 tuiit;
1063 2803 1151 2861 quem
1165 2787 1252 2862 ligato
1265 2788 1302 2848 ad
1313 2787 1422 2847 collum
1431 2786 1532 2846 molari
1547 2797 1628 2854 sano,
1639 2780 1672 2840 in
1689 2779 1821 2841 huminis

69 2874 103 2932 iu
120 2872 275 2933 dilectione
296 2870 402 2932 Christi
427 2874 553 2934 fraterno
574 2875 679 2934 ellectu
696 2874 805 2946 sociati,
820 2891 872 2950 per
883 2877 927 2936 ei·
967 2878 1112 2951 gurgitem
1140 2878 1251 2939 saevitia
1278 2877 1394 2951 impulit
1414 2890 1603 2952 paganorum.
1633 2870 1726 2946 Igitur
1751 2884 1821 2930 cum

68 2961 219 3022 lusionem
234 2963 347 3022 cruoris
357 2963 475 3039 proprii,
488 2965 629 3024 coelorurn
643 2981 731 3040 regna
740 2965 847 3040 pariter
860 2973 928 3026 sunt
967 2968 1117 3028 cecidisset
1141 2968 1172 3026 in
1195 2973 1243 3034 27
1261 2968 1416 3043 gurgitem,
1435 2968 1487 3027 diu
1503 2981 1589 3040 super
1610 2976 1700 3040 aquas
1718 2958 1820 3020 divina

67 3051 180 3125 adepti.
206 3051 279 3110 Nam
304 3054 392 3112 reiert
410 3053 577 3129 antiquitas,
600 3052 783 3114 Victorinum
809 3071 927 3116 servum
969 3056 1076 3116 virtute
1089 3056 1249 3125 serebatur;
1262 3074 1316 3117 nee
1331 3057 1485 3117 sorbebant
1497 3070 1592 3129 aquas,
1608 3068 1696 3129 quem
1704 3047 1821 3124 pondus

70 3141 166 3199 inissa
178 3148 246 3200 aute
261 3141 329 3201 dicti
344 3141 442 3216 templi
464 3143 630 3202 sacerdotis.
643 3144 698 3214 Qui
711 3143 784 3203 dum
797 3145 926 3219 plerum·
968 3151 1100 3210 criminis
1113 3167 1171 3210 non
1186 3152 1343 3225 premebat.
1355 3150 1437 3221 Quod
1457 3150 1565 3209 lactum
1579 3147 1727 3207 admirans
1743 3140 1819 3204 mul·

67 3245 131 3304 que
152 3231 262 3303 vicum,
287 3246 375 3306 quem
398 3231 627 3293 Christianorum
651 3243 764 3307 vocant,
779 3237 815 3294 ad
828 3252 925 3310 perse·
968 3242 1060 3301 titudo
1085 3242 1185 3316 popuii
1212 3240 1437 3310 circumstantia,
1452 3239 1585 3313 despecto
1606 3238 1703 3296 furore
1721 3231 1819 3309 genti·

67 3317 205 3394 quendos
225 3319 405 3381 Christianos
418 3323 489 3396 adit,
504 3322 637 3382 Cassium
652 3326 757 3399 reperit
774 3331 821 3391 26
841 3327 924 3386 Chri·
967 3330 1051 3402 lium,
1082 3332 1117 3389 ad
1145 3329 1330 3389 liberandum
1355 3333 1509 3404 properant
1534 3324 1720 3384 sacerdotem.
1748 3320 1820 3378 Haec

66 3406 203 3469 stianum
230 3431 237 3467 ι
262 3409 347 3483 cujus
373 3410 630 3483 praedicationibus
661 3420 749 3488 atque
777 3413 926 3473 miraculis
968 3418 1017 3479 ille
1032 3403 1163 3492 cernens,
1183 3435 1242 3479 non
1255 3434 1356 3494 passus
1374 3423 1417 3477 est
1436 3433 1466 3476 se
1487 3414 1655 3488 amartyrio
1674 3405 1817 3482 subtrahi,

102 3586 272 3655 ·iiodieqne
322 3592 412 3656 maior
464 3591 581 3645 ecclesia
639 3592 788 3658 biturigum
832 3597 925 3648 sancio
966 3598 1031 3652 liant
1057 3613 1088 3654 ac
1108 3601 1287 3665 lstrebundil,
1319 3601 1488 3668 aliorumque
1515 3600 1681 3653 sanctornm.
1710 3592 1758 3660 till!
1786 3588 1817 3642 ¹¹¹

66 3656 209 3738 stephano
229 3674 316 3724 sacra,
340 3664 435 3727 paneis
458 3666 486 3717 in
510 3665 593 3719 Gallia
618 3668 705 3719 sacris
732 3666 853 3720 aediliciis
877 3678 925 3719 ce·
967 3682 999 3723 ea
1019 3671 1087 3725 urbe
1111 3674 1233 3726 coronati
1258 3673 1375 3733 inerunt,
1398 3673 1542 3739 passiones
1558 3682 1574 3721 a
1589 3668 1669 3720 beato
1685 3663 1817 3728 iraeiecio

67 3730 120 3783 ‘¹¹¹-
968 3743 1118 3808 descripias
1151 3745 1236 3798 inisse
1261 3747 1354 3798 narrat
1388 3745 1527 3797 secundus
1551 3740 1673 3806 eiusdem
1698 3730 1817 3800 traiecti

102 3802 277 3861 ‘cornelius
294 3813 385 3863 ιιιιιι
407 3805 474 3861 obiit
498 3821 571 3861 anno
595 3808 652 3871 iit,
682 3810 828 3866 subticuit
851 3812 927 3878 prin·
968 3813 1032 3867 Vitae
1059 3820 1153 3869 auctor
1180 3817 1210 3868 in
1235 3818 1337 3870 saecnlo
1361 3829 1381 3870 ιι
1414 3815 1595 3869 benedictino.
1624 3810 1661 3863 lie
1685 3808 1730 3861 bis
1750 3807 1816 3859 item

68 3875 175 3939 aipein.
196 3878 223 3929 et
244 3880 366 3944 quidem,
391 3882 421 3934 ut
437 3879 615 3933 verisimilius
638 3883 687 3943 est,
705 3883 779 3948 apud
800 3883 925 3936 Genium·
968 3884 1114 3952 Gregorius
1144 3887 1205 3940 aliis
1232 3888 1261 3940 in
1292 3888 1358 3941 iocis
1391 3887 1496 3940 scribit.
1530 3884 1617 3937 Sancti
1648 3879 1754 3932 cessitas
1786 3877 1816 3928 et

69 3946 169 4007 cellas.
188 3947 234 4001 nbi
259 3964 321 4006 aem
342 3951 430 4019 pieria
445 3951 638 4005 dormitionem
655 3954 765 4018 ocoepii,
783 3958 812 4007 ut
826 3954 926 4020 legitur
968 3955 1120 4010 Victorinus
1145 3957 1325 4025 quiescebant
1346 3960 1374 4011 in
1400 3955 1517 4010 ecelesia
1539 3954 1624 4007 sancti
1649 3949 1816 4014 casalichio

71 4020 102 4073 ln
129 4023 312 4079 vetustissimo
347 4023 496 4091 pontificali
525 4023 700 4091 bucheriano.
744 4028 800 4080 iton
827 4027 926 4081 desunt
966 4024 1046 4082 hodie
1077 4030 1241 4094 parochialis
1279 4033 1338 4093 esi,
1370 4028 1527 4082 iriiolianus
1550 4038 1614 4078 roro
1643 4024 1672 4075 in
1696 4019 1816 4075 ecclesia

71 4094 164 4145 tamen
190 4095 237 4159 qni
255 4108 319 4150 enm
343 4097 432 4152 Roma
457 4107 568 4160 passum
586 4100 763 4150 asmrereni:
785 4098 834 4151 sed
849 4099 925 4153 nulla
966 4102 1051 4153 macti
1080 4102 1154 4161 Galli,
1180 4115 1215 4156 ex
1238 4103 1306 4155 libro
1324 4115 1332 4155 t
1351 4102 1385 4155 de
1401 4096 1666 4154 claromontensibus
1689 4092 1816 4149 ecclesiis

75 4166 119 4216 ιιι
137 4164 209 4218 cirea
231 4168 356 4233 martyrii
380 4170 489 4231 tempus
513 4167 672 4232 opinionum
697 4167 851 4222 diversitas.
869 4171 922 4236 cy·
964 4183 980 4222 a
1003 4173 1140 4227 savarone
1163 4174 1271 4237 vulgato
1293 4186 1353 4236 cap.
1378 4173 1394 4222 9
1416 4175 1442 4224 ei
1464 4172 1487 4221 8.
1510 4169 1638 4221 Liminius
1659 4168 1750 4218 antem
1777 4176 1815 4219 ex

76 4234 186 4297 prianas
224 4249 291 4290 vero
327 4250 398 4291 anno
427 4237 474 4289 258
510 4250 595 4304 prope
624 4237 810 4301 Grthaginem
835 4241 923 4306 capite
965 4243 1094 4306 Gregorio
1120 4246 1179 4308 ipso
1205 4244 1253 4298 lib.
1280 4244 1313 4297 de
1341 4243 1429 4296 Gloria
1450 4240 1582 4303 cortices,
1602 4251 1664 4301 cap.
1696 4237 1736 4300 36,
1753 4248 1815 4291 ιιι·

79 4306 175 4370 plexas
187 4312 239 4372 esi,
253 4309 395 4363 Valeriano
409 4313 437 4363 et
450 4308 570 4363 Gallieno
588 4310 806 4377 imperatoribus.
964 4315 1078 4367 rahaiur
1093 4317 1119 4367 in
1132 4314 1247 4368 ecclesia
1259 4315 1348 4367 satiati
1360 4312 1519 4368 venerandi.

112 4378 190 4434 '⁸0⁰-
217 4383 246 4433 ιι
266 4381 373 4444 tieem-s
394 4382 545 4435 emera...
570 4386 663 4447 genter
690 4394 751 4446 oua
771 4381 852 4435 lectio
872 4384 924 4435 etsi
996 4387 1089 4452 *iius
1119 4387 1218 4442 lesinrn
1253 4391 1296 4442 dle
1331 4391 1358 4442 ιι
1399 4387 1514 4454 Augusti
1553 4383 1694 4437 recolitur.
1731 4380 1814 4436 sedas

85 4452 181 4512 netur.
207 4465 264 4507 nou
299 4459 390 4507 tamen
411 4455 556 4509 sincerior.
580 4455 726 4520 Gregorius
756 4455 866 4520 qnippe,
889 4453 1088 4531 uiDepiseopi
1110 4462 1264 4527 Gabalitani,
1289 4474 1350 4527 (ιιι
1376 4462 1442 4515 oiim
1466 4458 1537 4525 apud
1559 4456 1722 4510 Anderitum
1745 4457 1814 4516 erat.

89 4521 140 4585 litt
148 4526 253 4592 ιιιιιιι,
267 4529 368 4595 saepius
383 4530 529 4583 accusandi
538 4541 688 4594 casumpro
697 4526 813 4582 ablativo
825 4529 923 4593 posuit.
965 4531 1099 4585 ilimaturn
1125 4535 1257 4588 translaa
1278 4537 1350 4587 circa
1367 4535 1496 4588 eaeculum
1515 4530 1659 4592 decimum,
1681 4527 1715 4579 ibi
1732 4526 1814 4580 etiam

91 4591 153 4650 unat
181 4598 266 4653 semel
300 4600 440 4654 monuisse
466 4601 590 4655 sufficiat.
620 4601 713 4669 Ghroct
746 4601 924 4667 irruptionem
964 4616 1037 4656 nunc
1051 4609 1216 4669 perseverat.

92 4665 231 4727 ahlsaecuii
247 4673 422 4741 quintilnitio
438 4676 609 4740 consignant.
995 4676 1072 4729 iste.
1106 4681 1166 4733 cod.
1192 4680 1299 4747 liegm.;
1320 4678 1365 4733 alil
1390 4688 1451 4730 eum
1479 4673 1568 4738 editis,
1594 4673 1687 4739 populi
1712 4669 1814 4726 Gredo-

119 4740 195 4799 ‘tad
233 4748 338 4812 hegm,
372 4750 449 4801 ιἰιι.
479 4748 534 4802 iioc
569 4747 680 4803 nomine
708 4750 818 4805 liartem
843 4748 925 4802 deum
964 4748 1054 4801 aeneis
1070 4751 1155 4804 castri
1178 4753 1330 4804 munitione
1353 4748 1501 4803 conclusus.
1526 4747 1613 4799 Gredo
1627 4749 1718 4797 sutem
1733 4736 1815 4811 pilis-

93 4810 238 4883 tltntiquis
251 4818 333 4872 Gallis
344 4819 514 4885 designatum
531 4818 617 4874 luisse
632 4822 735 4875 rolant.
965 4823 1010 4870 tur
1037 4832 1098 4873 esse
1124 4826 1201 4876 ricus
1223 4824 1257 4875 sd
1279 4824 1385 4875 radices
1409 4817 1508 4871 montis
1529 4820 1607 4878 attus,
1626 4815 1707 4881 vulgo
1726 4816 1816 4869 dictus

121 4889 195 4948 'itta
228 4896 382 4957 sequuntur
408 4892 443 4945 ad
480 4905 556 4948 anm.
587 4904 647 4959 seq.
676 4892 773 4948 ιιιιιι
808 4899 835 4949 tn
863 4898 923 4951 eod,
967 4886 1059 4942 dress.
1087 4894 1131 4945 ιιι
1159 4900 1249 4947 tamen
1278 4896 1305 4947 in
1334 4894 1439 4947 Gabalis
1469 4888 1675 4941 vicecomitatus
1711 4888 1814 4941 Gredo-

95 4954 171 5037 Νῑιιι.
198 4964 254 5039 lios
283 4965 375 5031 ipsum
413 4962 544 5030 templum
572 4964 704 5018 Mercurio
737 4973 926 5023 consecratum
965 4966 1070 5028 nensis,
1093 4969 1120 5019 et
1141 4968 1201 5021 cod.
1224 4969 1316 5033 uegm.
1342 4978 1404 5019 cnm
1423 4963 1486 5017 edit.
1515 4962 1630 5014 baritana
1654 4959 1737 5015 habai
1751 4957 1816 5014 Ors-

95 5024 163 5089 Ιιιιιι
185 5037 296 5104 coniicit
320 5036 464 5095 ιιιιιιιιι,
485 5036 558 5103 qnod
579 5036 679 5090 Plinius
705 5037 751 5091 lib.
773 5052 812 5100 ui,
831 5042 926 5105 osp.i
965 5034 1102 5090 ἀοιιιιιι.
1170 5037 1199 5081 ··

91 5106 185 5171 ιιιιιι,
207 5122 258 5163 ιιι
288 5112 367 5161 aetate
396 5107 468 5173 apud
502 5111 640 5161 arvernos
667 5108 768 5163 lacrum
798 5113 926 5166 furuae
995 5108 1096 5162 idulio
1135 5114 1214 5173 pacto
1255 5108 1413 5163 Diocletiani
1454 5103 1610 5170 persecutio
1656 5105 1691 5157 ad
1729 5114 1817 5157 annos

92 5172 212 5234 Ζιιιιοιι
247 5181 347 5245 ingens
378 5178 504 5233 Mercurii
535 5180 720 5233 simulacrum.
764 5182 826 5236 iiaec
862 5187 927 5237 suni
966 5184 1081 5244 quatuor
1106 5187 1228 5236 revocari
1253 5187 1349 5249 potest.
1369 5181 1404 5233 lie
1423 5180 1474 5234 hac
1490 5191 1521 5233 re
1543 5180 1604 5231 ride
1632 5177 1817 5243 praeiatiouem

92 5248 162 5305 'tris
177 5251 268 5305 Plinii:
292 5251 386 5304 Vanam
407 5263 515 5303 omnem
531 5251 744 5316 amplitudinem
764 5258 925 5309 statuarum
967 5256 1086 5306 nostram
1098 5256 1124 5306 ln
1135 5259 1199 5308 tcta
1210 5261 1361 5321 martyrum
1375 5254 1491 5306 sincera.

87 5321 257 5389 simpsmra's
273 5322 348 5384 nicil,
373 5326 452 5377 atate
475 5326 580 5384 nostro,
602 5323 768 5385 Zenodorass,
796 5329 927 5382 ιιιιιιιιο
997 5325 1067 5377 Ιιιι
1090 5329 1164 5379 recte
1187 5328 1266 5380 cosi.
1297 5327 1366 5388 lieo..
1393 5325 1455 5385 lleg.
1486 5326 1513 5378 ei
1538 5325 1630 5386 liegm.
1650 5321 1716 5374 itdtti
1736 5330 1820 5372 men-

86 5394 201 5461 [retain
215 5398 328 5453 civitais
351 5392 443 5450 Gauiis
458 5396 597 5461 ινιιιιιιι,
614 5409 664 5461 per
681 5410 768 5451 annos
784 5398 874 5453 decem
889 5402 927 5455 ns
968 5397 1044 5453 dosa.
1070 5395 1217 5450 Sisiienss's.
1245 5398 1329 5450 Siscia
1358 5397 1459 5460 quippe
1485 5395 1552 5448 nrbs
1572 5397 1630 5446 erat
1654 5388 1823 5456 episcopalis

83 5471 347 5539 memoresto.
970 5474 997 5524 in
1024 5472 1165 5524 Pannonia
1192 5474 1337 5538 superiori,
1363 5470 1410 5523 ubl
1437 5482 1534 5534 passus
1562 5469 1602 5520 esi
1627 5465 1762 5530 Quirinus,
1782 5466 1826 5541 ιιι

110 5546 189 5599 titos
215 5550 296 5611 capnt
326 5558 390 5601 oum
426 5549 544 5614 gnatnor
575 5545 754 5611 monentibus
790 5545 869 5600 deest
901 5548 930 5601 ιι
969 5557 1024 5611 uno
1058 5544 1221 5599 Prudentius
1253 5544 1353 5610 hymno
1381 5543 1405 5605 t,
1441 5539 1621 5609 ueteranis.
1656 5539 1719 5605 iius
1748 5540 1829 5602 Διιι

31 5622 37 5633 ·
77 5621 153 5677 corb.
168 5619 269 5673 codice.
968 5617 1030 5671 ride
1053 5618 1123 5671 inter
1159 5619 1267 5672 sincera
1299 5618 1459 5680 martyrum,
1484 5622 1546 5678 pag.
1569 5609 1624 5672 ιιι,
1649 5611 1685 5664 sd
1715 5621 1840 5685 aanuug

107 5692 236 5746 sitorum
273 5696 424 5759 martyrum
471 5693 542 5747 lesia
582 5692 695 5757 antiqua
734 5689 929 5756 martyrologis
970 5690 1025 5747 soe.

72 5769 298 5827 memorant.
338 5768 496 5827 ιιιιιιιιιι
535 5765 630 5827 cusu.
671 5763 808 5823 iictoriui
846 5765 929 5818 snio-
