3736 6248
103 310 157 371 aar
567 274 571 281 ’
642 310 673 372 s.
693 310 875 373 ciaconii
893 313 1061 375 seisoori
1081 316 1317 385 rononnnsis
1801 331 1855 395 ias

102 433 139 495 ad
154 434 282 495 odicium
296 434 597 511 baptizandi'repletur
610 444 656 513 ςει
667 438 735 513 quia
749 454 816 497 cum
830 439 988 514 compte-h
997 444 1146 515 memoria,
1171 460 1259 519 quain
1285 449 1341 508 sibi
1361 450 1422 524 ipse
1438 454 1519 528 prius
1545 454 1744 523 fabricaverat.
1768 452 1798 518 ἐι
1821 459 1854 521 in

101 528 151 585 tiis
175 524 272 598 luerit,
299 524 384 584 avide
402 541 439 585 eit
458 527 512 585 hoc
530 527 655 602 populus
685 527 803 588 haurire
829 530 954 600 festinat,
997 547 1056 606 qua
1069 532 1238 595 Zachariam
1252 553 1285 597 ac
1300 538 1465 602 Simeonem
1480 552 1489 571 ·
1503 545 1663 618 sepelierat.
1678 548 1750 608 llaec
1760 550 1796 609 de
1810 551 1855 610 la·

102 610 223 687 quidam
235 620 348 687 accepto
361 615 488 684 vasculo,
504 615 670 689 presbytero
689 617 740 690 qui
760 617 836 675 lianc
850 632 956 692 aquam
997 622 1067 682 eobo
1078 627 1214 699 apostolo.

101 698 285 763 ministrabat
308 705 438 780 porrexit
465 706 500 764 ad
528 705 742 779 complendum.
778 706 859 777 Quod
885 709 956 767 duni
1275 727 1397 788 CApUT
1440 731 1573 794 XXVIII·

101 791 227 867 complet
244 792 350 864 senior,
373 793 421 852 liic
447 794 522 852 inter
535 794 758 867 comprimentes
783 796 880 854 turbas
894 810 956 853 ma-

102 894 177 939 nuin
190 879 309 940 alterius
322 881 451 940 extendit
465 880 502 939 ab
514 880 652 953 balteum,
673 882 858 958 cultrumque
876 885 956 944 fura-
1400 948 1404 957 ,

102 974 152 1031 lus
165 978 207 1030 est
225 994 231 1030 :
248 987 307 1046 (luo
330 972 434 1047 vagina
458 972 615 1045 recondito,
642 989 747 1034 manus
767 974 897 1033 extendit
919 974 955 1033 ad
1037 941 1852 1019 ⁷5⁰Petrussamswluslm·56’99J“”·'·⁰b¹¹umi¹i¹³'

12 1048 33 1063 “
101 1058 300 1134 accipiendam
322 1061 469 1135 hydriam,
495 1076 583 1136 quam
609 1061 762 1122 tradidemt
777 1066 953 1141 presbytero.
996 1030 1054 1084 tem
1070 1029 1239 1133 d⁰oe¹¹df¹m'
1255 1042 1341 1134 caput
1357 1037 1480 1136 desuper
1495 1039 1610 1139 ¹⁰¹¹defi.
1621 1039 1749 1100 insumit
1762 1051 1786 1114 ⁸’
1799 1041 1851 1117 qni

101 1147 304 1225 Ouaaccepta,
320 1157 434 1210 amotus
457 1150 488 1208 in
505 1157 616 1224 partem
634 1151 733 1224 aliam,
758 1169 953 1229 nequeunam
996 1116 1033 1174 ab
1060 1121 1196 1192 ³9⁰⁸¹⁰¹¹⁵
1231 1131 1342 1223 ΨΜ
1373 1141 1524 1226 fpmwpffffi
1549 1129 1729 1227 ⁰¹d¹¹¹³t¹¹⁸k
1751 1130 1851 1226 1¹9⁰]ae

101 1228 215 1315 guttam
239 1254 322 1315 aqu&
347 1239 378 1297 in
394 1255 427 1297 ea
445 1240 539 1314 potuit
553 1242 688 1314 repen-re·
711 1242 795 1301 Tunc
817 1246 955 1304 amfusus
996 1209 1160 1279 cathedram
1186 1208 1300 1270 locavit.
1327 1213 1416 1287 [lupus
1430 1225 1559 1275 oratione
1581 1225 1609 1275 et
1623 1208 1634 1235 ⁵
1648 1216 1743 1288 Pauli,
1759 1216 1852 1277 Simo

102 1332 176 1394 749
193 1327 288 1402 valde,
301 1334 329 1388 et
342 1329 398 1388 sibi
415 1330 452 1388 ob
466 1328 536 1386 lurti
552 1345 668 1388 cansam
684 1330 737 1389 hoc
756 1331 887 1390 evenisse
905 1347 955 1390 co·
996 1297 1044 1356 ”is
1055 1297 1132 1372 Magi
1146 1299 1291 1399 ,callidi‘as
1309 1303 1356 1359 Ἶρι
1371 1303 1479 1361 ‘mecm
1494 1311 1546 1375 θεῖ’
1564 1305 1609 1363 vel
1626 1305 1730 1402 mula
1749 1305 1767 1362 i·
1788 1303 1847 1400 E.¹'

101 1430 253 1490 gumoens,
272 1419 385 1478 homini
401 1418 538 1487 cultrum,
547 1433 634 1494 quem
649 1419 763 1478 surmus
776 1421 880 1493 fuerat,
895 1422 955 1480 red·
996 1392 1071 1445 stant
1085 1388 1229 1462 hodieque
1243 1390 1319 1465 apud
1334 1392 1435 1449 urbem
1451 1390 1612 1451 Romanam
1626 1392 1693 1451 duae
1708 1407 1740 1449 in
1755 1389 1849 1463 lapide

101 1504 202 1580 diuite
221 1509 303 1567 etsie
325 1509 432 1569 iterum
456 1515 586 1583 porrecta
601 1508 719 1582 ingena,
741 1509 856 1584 plenam
871 1529 955 1588 aquas
995 1476 1221 1577 f⁰¹si¹¹ae2⁸¹¹pes
1236 1494 1323 1579 wem
1347 1480 1422 1581 beati
1445 1483 1576 1555 ³P⁰St⁰¹i=
1599 1483 1711 1541 (ῙΘῙῙΘΧΟ
1731 1480 1847 1579 millite·

101 1597 217 1674 recepit,
237 1598 288 1658 Est
300 1599 378 1659 enim
401 1600 527 1674 populus
540 1599 590 1658 ifle
606 1599 769 1671 mmm,
784 1603 835 1677 qui
854 1603 956 1663 videns
995 1569 1849 1668 orationemcoutraipsumSimonemllagumadDominum

101 1685 165 1747 baec
176 1687 331 1761 magnalia,
351 1703 410 1746 non
426 1688 632 1761 compungitur
646 1687 683 1746 ad
701 1689 889 1763 credendum,
905 1692 954 1751 sed
995 1654 1169 1756 effuderum·
1183 1656 1216 1714 1¹¹
1229 1658 1418 1758 q⁰¹b¹3⁵fuffl
1435 1660 1471 1718 de
1492 1660 1603 1734 pluViiS
1616 1659 1747 1734 lymphae
1761 1657 1849 1717 ⁰⁰¹¹*

101 1791 215 1852 semper
231 1776 334 1837 capide
346 1778 514 1838 divinarum
536 1780 762 1854 psaeoepfionum
777 1789 984 1870 sacramentass
995 1753 1054 1847 ctas·
1064 1746 1214 1846 luerintpa
1228 1748 1368 1807 morbidis
1390 1756 1578 1824 expetuntur,
1594 1752 1766 1822 haustasque
1779 1764 1849 1807 mox

100 1866 289 1943 nequissimis
314 1868 586 1944 interpretationum
618 1870 867 1944 garrulationibus
893 1889 951 1932 non
993 1842 1144 1895 sanitatem
1158 1836 1301 1897 tribuunt.
1316 1836 1438 1897 Sanctus
1450 1855 1518 1897 vero
1532 1840 1633 1897 Petrus
1644 1838 1803 1912 apostolus,
1818 1842 1851 1896 ut

100 1956 206 2019 desiuit
220 1958 392 2035 impugnare
408 1961 478 2020 :sed
492 1961 586 2022 virtus
601 1960 720 2022 Domini
734 1964 879 2024 diversam
891 1981 954 2040 par·
974 1924 1106 2000 'praefati
1132 1939 1246 1993 ⁸um¹¹⁸¹
1276 1940 1343 2028 ΜΨ
1367 1934 1428 2028 ΡΟΒΫ
1443 1927 1608 2029 ΝΒΓΟΠῘῨΜ
1625 1943 1659 1985 ³⁰
1682 1925 1851 2028 .Si.m⁰¹¹i³⁰⁸.

100 2051 158 2108 tem
172 2046 295 2109 despuit
309 2057 337 2110 et
351 2051 515 2111 oenfundip
890 2098 893 2103 Ι
992 2013 1069 2074 bella
1086 2014 1122 2073 ad
1136 2030 1251 2075 crucem
1267 2025 1403 2088 venisset,
1419 2020 1537 2092 impleto
1553 2033 1614 2094 pain
1640 2018 1734 2076 felicis
1749 2022 1850 2089 tropaei

992 2103 1159 2176 certamine,
1182 2104 1327 2179 resupinis
1349 2106 1385 2163 ad
1400 2105 1507 2164 coelum
1528 2105 1656 2178 vestigiis
1674 2121 1705 2163 se
1729 2104 1851 2178 expetiit

406 2168 528 2229 CAPUT
538 2169 657 2231 XXVII·
994 2195 1135 2269 crucifigi,
1152 2196 1309 2269 indignum
1320 2212 1349 2254 sc
1364 2196 1526 2255 vociferans
1541 2202 1572 2254 ut
1587 2194 1746 2252 Dominum
1766 2191 1848 2250 exal-

188 2268 228 2325 ΒΘ
242 2271 376 2339 manerio
387 2270 483 2327 5⁰⁰⁰&
493 2273 611 2344 αΡθιΐθῙῑ
631 2274 731 2342 sittim
744 2273 863 2331 Domitii·
994 2284 1068 2343 tarii
1085 2309 1091 2345 :
1106 2286 1205 2360 sicque
1217 2284 1345 2359 dirigens
1357 2284 1491 2359 spiritum
1506 2285 1635 2343 vivacem
1649 2283 1678 2341 in
1700 2288 1787 2349 astra,
1804 2296 1848 2339 se·

135 2374 258 2437 lacobus
273 2387 286 2415 ¹
300 2377 446 2450 apostolus
467 2380 531 2452 (Aa.
548 2379 580 2438 ti
604 2381 705 2452 vetut,
723 2381 735 2438 l
750 2385 841 2455 licii),
860 2381 955 2454 quiet
993 2371 1094 2446 pullus
1120 2379 1163 2432 est
1189 2374 1220 2432 in
1240 2371 1355 2447 templo,
1384 2373 1460 2447 quod
1484 2372 1662 2431 vocitabatur
1684 2369 1849 2445 antiquitus

101 2467 189 2528 frater
202 2466 321 2528 pomini
339 2469 480 2529 vocitatus
500 2475 551 2540 est,
567 2469 605 2528 ab
628 2471 692 2545 ipso
709 2471 833 2531 Domino
855 2474 954 2531 nostro
994 2463 1166 2523 Vaticanum
1192 2463 1219 2537 ¹,
1243 2471 1366 2538 quatuor
1390 2463 1505 2522 ordines
1531 2463 1734 2522 columnarum
1763 2459 1848 2518 vaide

100 2554 170 2615 Jesu
183 2554 297 2615 Christo
310 2555 578 2631 episcopusdicitur
589 2558 738 2617 ordinatus
750 2557 770 2616 ¹.
787 2558 852 2617 Post
871 2559 955 2631 cujus
993 2557 1213 2617 admirabilium
1229 2573 1351 2616 numero
1366 2556 1523 2629 nonaginta
1538 2571 1589 2613 seii
1614 2555 1736 2613 habens.
1753 2550 1848 2609 Habet

99 2642 255 2719 gloriosam
281 2644 498 2717 decensionem,
513 2645 584 2706 dum
605 2647 683 2707 viam
705 2648 826 2722 justitias
844 2644 955 2705 Jndaeis
993 2647 1080 2706 ctiam
1105 2652 1227 2720 quatuor
1251 2646 1283 2703 in
1315 2646 1408 2715 altari,
1428 2660 1494 2720 quae
1517 2651 1586 2704 sunt
1607 2641 1696 2701 simul
1717 2648 1845 2710 centum,

24 2747 29 2757 ·
98 2733 264 2796 enantibus
281 2734 392 2808 aperire
406 2744 536 2809 conatur,
551 2739 588 2798 de
599 2739 688 2812 pinna
707 2738 806 2814 templi
819 2736 953 2811 praecipi·
992 2744 1099 2812 praeter
1116 2735 1180 2795 illas
1192 2751 1259 2810 quae
1272 2736 1415 2795 ciborium
1428 2736 1436 2774 ¹
1449 2733 1575 2808 sepulcri
1587 2735 1759 2792 sustentant.
1775 2735 1843 2793 ¹751

100 2828 188 2896 tatus,
204 2822 345 2896 alliditur,
358 2826 508 2902 effusoque
530 2827 648 2887 lullonis
659 2829 735 2887 iuste
748 2828 876 2898 cerebro,
892 2827 950 2901 spi·
993 2825 1055 2886 Hoc
1080 2825 1160 2885 enini
1186 2826 1350 2900 sepulcrum
1368 2822 1423 2884 sub
1438 2823 1520 2882 alani
1541 2823 1712 2883 collocatum
1727 2834 1748 2861 ε
1764 2818 1846 2879 valde

102 2912 193 2973 ritum
209 2913 334 2973 reddidit
347 2924 367 2985 ⁰,
381 2916 569 2991 sepultusque
580 2917 661 2976 estin
670 2920 769 2977 monte
779 2916 912 2988 Olivetii,
920 2916 950 2978 in
991 2933 1091 2978 rarum
1111 2917 1243 2977 habetur.
1271 2914 1326 2976 Sed
1351 2914 1403 2990 qui
1427 2929 1508 2974 orare
1533 2913 1685 2984 desiderat,
1713 2907 1845 2971 resersus

1228 839 1267 892 De
1283 844 1376 895 sancto
1394 843 1472 897 Petro
1487 846 1619 914 apostolo.

131 3081 144 3105 ⁸
157 3071 235 3125 limat
247 3071 299 3129 boc
312 3076 394 3137 caput
410 3073 437 3124 lii
454 3077 572 3138 utroque
585 3072 647 3126 cod.
666 3072 781 3126 diaroni.
992 3073 1073 3137 atque
1103 3083 1136 3122 ea
1160 3071 1304 3122 occasione
1324 3070 1430 3135 proteri
1447 3069 1588 3134 egregium
1603 3067 1730 3120 hmalaril
1753 3071 1841 3123 ioanni

133 3140 290 3197 ‘luseblus
313 3142 361 3197 lib.
388 3156 438 3203 vii,
464 3142 676 3207 chrysostomus
697 3144 726 3196 ln
744 3144 754 3195 l
771 3142 805 3195 ad
821 3142 951 3197 Corinth..
993 3142 1117 3195 testantis
1136 3141 1207 3194 hano
1247 3142 1419 3201 sententiam,
1444 3154 1505 3206 quae
1526 3145 1664 3192 tonsuram
1689 3138 1841 3192 clericalem

101 3212 289 3282 Hieronymus
319 3216 344 3266 in
371 3215 453 3278 lipist.
480 3214 514 3267 ad
531 3215 624 3279 Galat,
651 3215 760 3267 Procius
784 3215 891 3266 inorat.
908 3176 1029 3277 hinad
1051 3217 1173 3266 sanctum
1203 3213 1309 3266 Petrum
1342 3217 1461 3271 revocat,
1492 3224 1546 3263 non
1568 3211 1635 3263 adeo
1652 3216 1839 3264 esseceriani.

103 3282 194 3339 etalii
219 3289 328 3339 veteres
349 3285 477 3338 iacobum
503 3286 615 3351 abipso
641 3286 762 3345 Christo;
788 3283 954 3348 clientela·
994 3290 1024 3338 ut
1050 3286 1100 3347 ipsi
1126 3284 1265 3337 adhaerere
1299 3295 1414 3336 necesse
1444 3283 1486 3333 stt.
1520 3282 1582 3334 tide
1611 3284 1690 3333 notas
1712 3282 1740 3333 ιιι
1760 3281 1838 3333 iiiam

104 3366 184 3410 mans
213 3356 360 3417 Alexand..
383 3357 438 3410 lino
464 3360 492 3410 et
518 3358 578 3421 lpse
609 3356 740 3411 Eusebius
771 3370 826 3409 non
858 3355 952 3415 semel,
994 3353 1337 3414 sanitlliicetii.lii'lib.de
1355 3355 1537 3406 titislatrum
1556 3362 1617 3417 cap.
1635 3354 1671 3404 ιι.

104 3424 287 3494 lieronymus
319 3428 354 3482 de
389 3428 456 3480 iliis
478 3428 640 3488 illustribus.
676 3433 738 3487 etc..
768 3426 801 3479 ab
825 3427 955 3492 apostolis
1025 3428 1127 3488 illes,
1145 3426 1198 3490 aet,
1224 3428 1295 3491 quod
1321 3424 1435 3489 perinde
1463 3429 1513 3475 est.
1541 3424 1638 3476 Eodem
1658 3422 1832 3489 sensatniia.

104 3496 231 3552 eumdem
256 3494 491 3564 lei‘osolpmitanoe
531 3500 657 3553 Ecclesiae
691 3497 837 3562 specialem
862 3509 954 3549 curam
995 3499 1037 3552 oet
1064 3499 1167 3553 detecto
1191 3501 1229 3550 ast
1251 3496 1293 3548 ael
1314 3497 1419 3555 odanto,
1443 3499 1468 3549 id
1493 3502 1534 3550 est
1554 3500 1578 3550 et
1598 3494 1747 3559 delectant,
1762 3496 1831 3549 etsie

106 3569 263 3635 sumpisse
290 3569 407 3621 tradunt.
436 3571 508 3630 ouod
533 3570 649 3622 tortasse
667 3581 682 3618 a
699 3567 803 3618 elisisto
825 3566 954 3630 designa·
994 3572 1104 3634 passlm.
1664 3566 1673 3586 ⁸
1807 3632 1810 3637 ,

104 3640 160 3702 tus,
195 3637 229 3691 ab
264 3640 395 3703 apostolis
428 3652 495 3691 vero
523 3639 675 3692 declaratus
702 3641 728 3690 et
761 3637 955 3689 inthronisatus
1024 3640 1175 3697 'lictoris
1205 3652 1286 3705 quain
1329 3639 1357 3690 iii
1391 3638 1527 3690 simonem
1557 3639 1660 3702 lingum
1689 3633 1835 3690 retulerunt·

106 3706 198 3763 mant.
224 3710 292 3761 Hinc
316 3709 387 3762 toria
407 3709 535 3763 laminam
552 3710 714 3768 aureamut
734 3707 954 3774 seriniinpipiia-
995 3713 1120 3778 apostoli,
1154 3714 1193 3766 tot
1219 3714 1372 3764 anctorum
1405 3711 1508 3761 eitinin
1547 3710 1712 3762 testimoniis
1739 3720 1824 3773 appii·

105 3780 169 3835 ¹¹¹³!
190 3778 286 3833 nares.
307 3780 348 3843 29.
370 3781 400 3833 ¹¹¹
424 3783 513 3845 caliste
536 3778 671 3845 gestabit,
699 3788 822 3830 veterum
846 3780 952 3844 pontiti-
995 3783 1056 3836 bata
1094 3786 1144 3845 est,
1182 3787 1212 3834 ut
1244 3782 1347 3848 absque
1378 3782 1528 3833 temeritate
1555 3781 1633 3845 rejici
1662 3792 1716 3831 nou
1746 3777 1821 3843 possit,

105 3860 170 3905 nuni
191 3862 277 3903 moro.
303 3850 351 3901 llic
376 3853 466 3902 auleis
495 3851 640 3915 Gregorius
654 3848 785 3902 iacobum
796 3850 954 3914 episcopum
995 3852 1293 3920 quanquamhistoiiae
1323 3852 1464 3904 veritatem
1486 3852 1609 3903 nonnulli
1626 3855 1750 3903 auctores
1769 3858 1820 3913 apo·

106 3918 142 3975 ab
161 3921 284 3986 apostolo
306 3932 360 3973 non
377 3920 527 3983 distinguit,
546 3934 606 3987 quo
627 3922 737 3973 videtur
752 3933 816 3972 esse
831 3932 953 3973 commn-
994 3924 1107 3990 cryphis
1122 3924 1323 3976 narrationibus
1343 3923 1371 3974 ln
1388 3922 1489 3988 aliquot
1517 3922 1726 3975 circumstantiis
1741 3919 1818 3972 obscu-

107 3992 171 4046 nlor
184 3995 256 4059 apud
273 3994 383 4046 veteres
403 3996 431 4045 et
452 3995 622 4046 recentiores
634 3992 787 4051 sententla;
803 3991 849 4043 alii
865 3997 954 4045 tamen
994 3999 1089 4049 tarint.

16 4103 19 4111 .
108 4062 189 4118 aliter
209 4064 339 4125 sentiunt,
370 4077 423 4130 qua
452 4063 487 4118 de
520 4078 550 4118 re
583 4064 694 4117 videndi
732 4062 898 4116 bollandiani
923 4063 957 4116 ad
1031 4066 1176 4121 illamdem
1205 4066 1336 4118 rationem
1369 4065 1484 4118 inerunt
1510 4064 1668 4118 Ambrosius
1694 4066 1721 4117 in
1743 4061 1817 4127 psaln.

108 4132 180 4189 dani
206 4137 216 4188 i
241 4135 309 4195 itali,
336 4135 520 4189 tillemontius
543 4138 572 4188 ln
594 4135 667 4189 uotis
694 4134 729 4187 ad
761 4132 826 4185 illst.
853 4134 954 4188 Eccles.
996 4153 1088 4201 cxviii,
1117 4136 1289 4201 Augustinus,
1312 4136 1500 4196 Theodoiitus,
1529 4142 1580 4189 etc.
1607 4137 1656 4189 alli
1686 4136 1750 4188 alias
1771 4130 1817 4194 adll-

106 4206 210 4261 innium
227 4207 247 4270 l,
264 4207 318 4262 etc.
996 4211 1078 4271 olunt.
1093 4222 1161 4276 quas
1174 4204 1264 4261 iusius'
1279 4209 1407 4274 prosequi
1418 4222 1472 4261 nou
1483 4213 1571 4261 vacat.

140 4276 233 4344 ‘Eius
262 4278 421 4342 martyrium
454 4279 582 4333 describit
609 4278 780 4343 lieneslppus
804 4275 876 4341 apud
902 4277 955 4329 llu-
1027 4281 1241 4344 *apostoloram
1280 4283 1389 4345 tropat,
1432 4285 1462 4331 ut
1503 4280 1622 4343 loquitur
1655 4279 1730 4333 datus
1766 4271 1818 4339 apul

110 4348 226 4411 amum,
241 4350 287 4402 llb-
306 4362 325 4403 n
349 4351 420 4403 Hui·
447 4353 550 4404 encres.
575 4363 634 4413 can.
660 4350 700 4401 2³·
718 4348 781 4401 tide
799 4354 826 4401 st
846 4348 954 4412 ioseph.
996 4352 1148 4411 noseorum,
1177 4351 1223 4404 iis.
1250 4366 1268 4402 ιι
1286 4350 1352 4402 uisi.
1375 4363 1435 4415 cap.
1457 4351 1498 4413 ns.
1521 4352 1578 4415 iam
1599 4351 1692 4403 mouri
1711 4364 1742 4402 ιιι
1762 4343 1818 4399 iim

109 4419 157 4475 lib.
180 4433 220 4474 xx
237 4422 363 4484 inliqutt.
388 4432 447 4484 cap.
462 4423 488 4475 8.
511 4421 580 4487 iege
595 4425 658 4475 acta
680 4420 825 4486 liertpniui
838 4420 954 4483 sincera,
996 4423 1115 4479 celebria
1132 4427 1208 4477 erant
1226 4423 1322 4485 homa,
1353 4422 1424 4488 apud
1450 4423 1604 4474 vaticanum
1616 4427 1644 4475 et
1658 4423 1702 4474 iia
1719 4413 1818 4475 ιιιιιιιι,

108 4504 169 4559 pas.
188 4494 199 4547 i
218 4493 245 4545 et
260 4504 359 4558 seqq·
996 4495 1023 4547 ld
1046 4500 1088 4547 est
1120 4495 1146 4546 ln
1175 4495 1208 4545 ils
1233 4495 1299 4557 ipsis
1325 4492 1393 4545 locis
1417 4492 1463 4547 ubi
1485 4494 1619 4558 hodieque
1642 4504 1738 4547 eorum
1754 4498 1820 4543 utin

140 4562 339 4616 ‘communior
360 4566 449 4615 tamen
471 4569 513 4617 est
535 4566 679 4626 sententia.
700 4575 762 4616 euin
786 4564 863 4627 iuxta
884 4557 1117 4632 tem-Dicitquiae
1141 4564 1277 4618 coluntur.
1310 4564 1414 4617 Etenim
1444 4565 1585 4628 utriusque
1611 4564 1701 4617 media
1724 4558 1819 4629 paral!

108 4630 197 4699 pion,
219 4634 265 4685 ubl
286 4637 398 4686 necatus
419 4633 516 4697 iuerat,
544 4636 678 4701 sepultum
695 4635 880 4699 misceamus
895 4646 953 4686 uio·
996 4639 1115 4691 eeclesia
1132 4637 1266 4692 vaticana,
1278 4634 1364 4687 altera
1379 4648 1445 4687 vero
1462 4635 1593 4687 medelas
1609 4635 1638 4686 in
1654 4635 1819 4687 basilicam·

109 4707 268 4757 numentum
282 4703 433 4770 adhuc-suo
448 4710 572 4772 ternpore
587 4717 779 4772 perseverasse
799 4704 879 4757 tradit
889 4705 954 4758 Hie·
996 4710 1032 4763 cti
1055 4707 1137 4771 Pauli,
1161 4721 1220 4774 qua
1245 4706 1351 4759 abbatia
1379 4709 1420 4759 est
1441 4707 1545 4760 ordinis
1559 4706 1732 4765 benedictini,
1747 4711 1818 4758 asser·

108 4784 243 4838 aonqmns
257 4775 334 4826 testis
344 4775 492 4848 oculatus..
744 4838 748 4845 ,
997 4785 1101 4842 santur,
1135 4791 1212 4832 sacra
1243 4790 1307 4830 iero
1335 4790 1430 4830 eorum
1455 4780 1543 4842 capita
1566 4779 1594 4829 iu
1610 4776 1724 4831 basilica
1736 4776 1821 4829 toea·

140 4843 323 4899 ‘bachaniam
346 4849 431 4898 sancti
458 4848 569 4900 ioannis
599 4847 723 4913 Baptistae
747 4849 850 4911 patrem
878 4846 954 4900 multi
995 4851 1084 4904 uensl.

107 4915 301 4982 interemptum
325 4929 387 4971 essa
419 4919 516 4971 nolunt
532 4919 646 4972 llerodls
669 4921 746 4984 lusan
774 4919 844 4970 intra
861 4917 954 4982 templi
1027 4920 1185 4973 ¹(liborium
1222 4923 1264 4973 est
1295 4919 1408 4971 aedlcola
1438 4919 1543 4980 turrita,
1574 4920 1609 4972 ad
1637 4920 1746 4972 modurn
1773 4926 1823 4969 nni·

107 4980 446 5052 inimicantissimae
464 5002 532 5043 vero
550 4987 846 5055 senis‚quiciiisiim
866 4989 893 5040 iu
912 4989 951 5041 ul·
995 4992 1107 5055 nisenii,
1131 4992 1234 5057 sitquoi
1256 4991 1391 5043 esiiinns
1417 4992 1520 5052 innixi,
1537 4990 1572 5043 au
1596 4987 1824 5055 repensandus

107 5059 153 5113 isis
177 5065 347 5124 susceperat.
375 5061 533 5125 sepulcrum
548 5064 576 5123 ip
593 5075 661 5126 rupe
678 5061 779 5114 montis
800 5061 894 5113 οιιιιιι
905 5072 953 5113 ea·
995 5077 1043 5118 seu
1069 5064 1184 5129 ailcnjns
1222 5063 1309 5114 sancti
1340 5064 1507 5125 sepulcrum.
1533 5061 1595 5114 lide
1623 5062 1725 5127 liturg.
1749 5057 1824 5115 baliis.

105 5128 209 5183 stltlsae
224 5131 526 5191 testaturidamnaous.
995 5134 1128 5189 ldablllou.
1144 5136 1192 5186 lib.
1209 5146 1229 5194 i,
1244 5146 1305 5198 cap.
1320 5135 1344 5193 8,
1364 5146 1391 5184 n.
1407 5134 1432 5185 8.

137 5200 148 5239 ¹
164 5200 220 5255 lloo
235 5204 317 5266 caput
331 5206 358 5253 et
371 5214 491 5267 sequens
505 5204 604 5257 desunt
620 5205 649 5255 in
665 5202 725 5256 cod.
743 5203 815 5257 colb.
827 5208 874 5257 tut.
1026 5217 1042 5238 ·
1062 5207 1146 5266 lind..
1170 5205 1250 5258 acida
1272 5210 1372 5258 ratum.
1400 5207 1531 5271 Antiquos
1547 5208 1588 5257 est
1601 5217 1661 5256 mos
1678 5207 1707 5257 ln
1724 5200 1827 5259 solea

136 5269 294 5326 sionsuisi
325 5273 460 5328 clericalis
491 5277 624 5340 originem
658 5276 738 5337 vulgo
765 5277 798 5329 ad
828 5278 951 5328 sanctum
991 5282 1120 5341 receptus
1144 5284 1300 5328 eaiictornm
1330 5277 1461 5340 reliquiis
1487 5277 1513 5326 iu
1538 5284 1642 5339 cryptis
1655 5270 1828 5330 subterraneis

103 5343 215 5399 Patruus
231 5344 355 5398 reiciunt
378 5346 458 5398 medii
475 5349 524 5398 east
540 5348 766 5409 succrescimus
782 5348 951 5400 instituenda
992 5348 1088 5403 subtus
1111 5347 1194 5400 altare
1220 5349 1384 5404 collocandi.
1410 5346 1454 5398 nbi
1481 5353 1638 5398 sanctorum
1659 5347 1827 5401 celebrioris

103 5416 172 5467 rarii
203 5417 294 5469 varias
326 5429 423 5470 causas
453 5417 585 5470 reiernnt.
620 5419 682 5469 titia
719 5417 825 5476 bedam.
861 5420 905 5468 lib.
934 5431 950 5468 v
992 5417 1117 5482 sepulcra
1142 5422 1169 5469 lu
1196 5420 1315 5483 anitiquis
1342 5417 1462 5469 basilicis
1492 5419 1572 5469 etiarn
1604 5430 1679 5470 nnnc
1709 5422 1827 5473 visuntur.

101 5484 171 5538 illst.
194 5487 270 5550 ingl.
295 5501 355 5551 cap.
380 5488 420 5540 lt.
443 5486 526 5547 intra,
541 5486 614 5540 lind.
632 5502 685 5541 nou
708 5488 788 5540 babet
802 5488 950 5555 episcopus.
991 5490 1059 5543 ilinc
1083 5490 1252 5541 consuetudo
1281 5492 1398 5541 manavit
1422 5490 1519 5540 altana
1539 5490 1666 5552 erigendi
1690 5502 1773 5555 super
1791 5498 1829 5539 ni·

100 5556 221 5610 -Hunc
242 5556 332 5610 locum
354 5560 388 5610 de
408 5558 528 5611 clericali
547 5571 648 5611 corona
664 5561 772 5613 minime
794 5572 858 5611 esse
871 5559 947 5611 intel·
991 5564 1081 5613 mulos
1102 5561 1222 5611 virorum
1250 5561 1364 5624 piornin,
1381 5572 1451 5626 qios
1463 5561 1586 5624 episcopi
1604 5573 1655 5624 pio
1673 5564 1776 5616 sanctis
1788 5565 1831 5613 lia·

97 5628 237 5692 ligandum
257 5629 395 5682 contendit
412 5629 604 5682 ihonasslnus
631 5636 706 5693 parte
729 5644 737 5683 ι
768 5630 877 5695 llisctpl.
899 5642 945 5684 ec·
986 5631 1047 5686 beri
1070 5633 1207 5692 volabant,
1229 5630 1327 5694 litoque
1354 5640 1413 5683 erat
1434 5633 1501 5684 olim
1528 5634 1639 5685 sanctos
1663 5630 1834 5689 csnomusd

99 5697 228 5759 cleslsst„
252 5700 297 5752 lib.
324 5714 355 5763 ii.
381 5712 441 5765 cap.
460 5702 499 5763 37,
525 5701 574 5754 sed
589 5703 623 5756 de
638 5704 762 5755 ominbus
777 5702 945 5766 Christianis,
988 5706 1065 5756 ritus.
1091 5702 1226 5767 Reliquias
1252 5707 1408 5755 sanctorum
1431 5702 1459 5754 in
1484 5702 1642 5767 baptisterio
1670 5719 1688 5758 a
1712 5705 1834 5773 aedepo-

99 5771 145 5838 qul
174 5782 230 5834 prae
260 5772 391 5827 modestia
423 5774 537 5838 capillos
560 5774 660 5829 breves
676 5774 784 5830 deierre
799 5774 944 5837 debetcum
987 5776 1055 5829 sitas
1072 5778 1207 5827 memorat
1230 5774 1289 5837 ipse
1311 5774 1458 5838 Gregorius
1475 5773 1523 5828 lib.
1548 5788 1566 5826 a
1592 5775 1662 5829 lilst.
1693 5790 1754 5844 cap.
1775 5781 1835 5843 ult;
