3736 6248
118 244 152 304 tt
890 244 1098 305 ruminum.

113 367 195 430 steni
214 367 377 431 corbiensis
395 366 493 426 codice
509 373 633 426 Historia
646 373 839 427 Ecclesiastico
851 370 1080 432 manco-Adam
1103 375 1145 430 est
1170 370 1380 446 investigandis
1408 371 1539 446 Gregorii
1567 386 1612 431 not

114 478 176 519 rum
189 459 399 520 inscribuntur.
416 457 508 526 Quem
529 460 657 529 titulum,
674 468 772 535 utpote
785 475 967 535 germanum,
1009 473 1128 534 querna
1146 465 1225 533 patre
1240 458 1432 521 Florentium.
1452 459 1489 517 ab
1516 474 1570 518 avo
1589 458 1612 518 G

113 555 142 608 et
162 549 248 607 rebus
270 548 300 604 in
327 546 387 604 illis
409 547 553 605 contentis
578 549 709 622 apprime
736 549 968 619 convenientem,
1010 549 1155 607 minatum
1169 549 1258 607 luisse
1272 556 1392 608 constat.
1407 550 1581 625 Quanquam
1591 565 1612 608 e:

113 637 169 697 viri
213 634 319 695 emditi
362 638 475 695 caeteris
514 637 725 710 praelerendum
756 645 930 697 censuerunt
960 657 966 695 ι
1010 637 1612 712 vitioncnnunquampanloauteruacnt

112 741 202 801 quern
216 726 281 784 ideo
298 725 329 785 in
350 725 402 784 bac
416 733 512 785 nostra
531 728 658 786 editione
677 728 876 787 adhibuimus.
904 727 969 786 Plo·
994 728 1065 806 ‘bus
1082 729 1186 802 scripta
1201 728 1404 787 inveniuntur.

113 818 198 892 rique
216 817 267 875 alii
286 816 399 876 codices
422 817 520 892 scripti
539 819 708 878 comeditis
726 819 896 894 simpliciter
916 824 969 877 lii-
1045 818 1097 876 Ill.
1110 816 1199 876 -8d.
1215 817 1336 876 Carolus
1354 817 1485 876 cointius
1500 832 1612 889 congreg

113 910 228 964 storiam
250 910 416 963 Francorum
440 906 604 981 appellant;
618 908 753 967 nonnulli
778 909 848 967 item
872 909 970 983 scripti
1011 906 1152 967 Gallicani
1165 907 1322 982 presbyter,
1339 908 1384 965 vir
1399 907 1503 982 pietate
1512 914 1539 964 et
1555 921 1612 964 erut

114 995 196 1053 Gesta
211 998 385 1052 Francorum.
415 995 610 1069 Frequentius
635 1012 703 1055 vero
725 998 803 1071 apud
827 997 970 1070 sequioris
1011 997 1139 1056 Annales
1154 996 1365 1056 Ecclesiasticus
1376 999 1553 1057 Francorum
1565 998 1612 1073 jau

112 1083 206 1143 aetatis
219 1092 350 1142 auctores
371 1084 427 1142 sub
453 1083 606 1142 Gbronicae
629 1091 679 1143 aut
698 1084 831 1143 Chronici
850 1083 968 1143 nomine
1011 1089 1056 1147 nis
1071 1087 1228 1162 evulgavit,
1244 1091 1274 1145 iu
1294 1104 1418 1163 quorum
1440 1090 1534 1162 primo
1555 1096 1612 1147 ete

114 1174 279 1241 laudantur,
297 1175 425 1248 utiama
439 1174 719 1233 nobisobserratum
734 1180 787 1235 est.
810 1174 968 1250 Sequentes
1010 1176 1050 1234 ita
1071 1174 1203 1249 Gregorii
1228 1176 1319 1255 nostri
1350 1175 1432 1234 libris
1457 1193 1529 1236 usus
1554 1184 1606 1248 est,

114 1269 223 1336 septem
240 1261 328 1321 libros
343 1262 492 1320 communi
507 1262 647 1322 vocabulo
664 1265 748 1320 tibrcs
761 1269 861 1336 septem
876 1267 967 1320 Mira·
1010 1265 1071 1323 loca
1094 1262 1205 1336 aliquot
1231 1263 1267 1321 ad
1292 1263 1494 1323 illustrandam
1522 1264 1612 1339 gentis

114 1356 236 1410 culorum
260 1353 384 1429 appellat
409 1352 565 1427 Gregorius
592 1353 703 1428 ipsein
733 1354 791 1411 line
821 1354 967 1422 Historiae,
1011 1354 1094 1425 riam,
1109 1359 1160 1411 aut
1180 1354 1394 1413 conciliandam
1417 1354 1503 1414 rebus
1518 1370 1535 1412 a
1549 1348 1612 1413 sen

115 1441 968 1519 quibusetnonnulliVitasPatrumadjunguntsuboctavi
1010 1448 1097 1500 tatem
1122 1441 1287 1517 adduxerit,
1316 1462 1418 1505 verum
1446 1446 1533 1504 etiam
1562 1446 1612 1503 inti

115 1532 323 1593 Miraculorum
338 1531 406 1591 libri
418 1533 547 1591 nomine.
562 1535 600 1590 At
610 1533 689 1591 bunc
700 1532 755 1591 sub
766 1532 884 1607 speciali
899 1536 970 1592 Vita
1010 1534 1117 1608 passim
1141 1532 1333 1607 descripserit.
1358 1536 1396 1593 At
1423 1552 1489 1594 cum
1515 1536 1546 1594 in
1572 1551 1612 1595 no.

115 1622 229 1677 Petrum
257 1619 341 1678 titulo
368 1636 385 1678 a
409 1620 521 1679 catoris
545 1619 699 1692 distinguit
722 1618 876 1691 Gregorius
907 1617 970 1676 loco
1011 1624 1140 1697 scriptos,
1155 1630 1184 1682 et
1203 1623 1323 1698 quidem
1343 1624 1572 1700 antiquissimos,
1587 1626 1612 1683 in

116 1709 242 1780 laudulO,
254 1708 304 1767 ubi
315 1714 343 1766 ei
359 1708 389 1766 iu
400 1710 531 1765 Psallert't'
543 1714 691 1765 tractatum
706 1708 813 1767 librum
825 1723 928 1777 uuum,
943 1711 1001 1791 eiB
1013 1713 1195 1787 vulgaturum
1207 1713 1367 1773 editionum
1379 1715 1470 1789 cupita
1483 1717 1612 1774 desidera

115 1800 239 1859 alterum
267 1799 302 1857 de
332 1801 456 1855 cursibus
477 1802 700 1856 ecclesiasticisa
726 1815 756 1857 se
778 1798 869 1856 editos
891 1812 971 1856 com·
1012 1801 1042 1858 in
1064 1800 1197 1859 altimum
1217 1800 1335 1859 induxit
1350 1818 1382 1858 ea
1397 1804 1458 1875 ipsa
1478 1804 1514 1861 ab
1539 1802 1612 1874 aliqt

117 1899 265 1951 memorat.
283 1890 424 1949 litatorum
440 1890 517 1949 idern
531 1890 687 1964 Gregorius
703 1889 827 1963 singulis
845 1888 969 1947 Miracu·
1012 1890 1195 1964 Gregoriante
1209 1889 1345 1948 Historiae
1368 1891 1464 1949 addita
1489 1892 1612 1963 scissor

116 1982 213 2042 lorum
227 1980 310 2041 libris
325 1996 414 2041 suum
435 1997 581 2055 quemquo
596 1980 714 2040 titulum
735 1979 912 2054 peculiarem
927 1984 970 2036 at·
1011 1981 1109 2056 aliqua
1129 1980 1250 2039 recurrit
1270 1979 1390 2051 occasio,
1406 1997 1439 2039 ea
1460 1981 1559 2055 rejecit
1581 1994 1612 2038 ve

115 2072 220 2134 tribuit
240 2072 271 2131 in
290 2071 408 2147 prologo
425 2071 493 2131 libri
516 2071 551 2130 de
573 2072 671 2132 Gloria
689 2069 904 2141 Coniessorum‚
920 2068 971 2128 ubi
1012 2079 1097 2143 certe,
1113 2069 1138 2128 si
1151 2085 1189 2127 ex
1202 2069 1261 2127 illis
1285 2070 1429 2128 nonnulla
1455 2071 1491 2128 ad
1516 2086 1576 2128 rem
1592 2085 1612 2128 st

116 2166 230 2241 primus
241 2165 276 2224 de
290 2163 439 2222 miraculis
455 2163 569 2222 Domini
587 2179 620 2222 ac
640 2169 805 2221 sanctorum
821 2160 970 2235 Apostolo-
1012 2161 1067 2220 sub
1099 2159 1311 2234 interpolatoris
1333 2160 1451 2217 nomine
1475 2160 1612 2234 proferte

117 2269 183 2314 rum
202 2269 235 2312 ac
255 2253 437 2328 reliquorum
454 2251 625 2326 Martyrum.
641 2268 707 2325 qum
723 2253 863 2310 hactenus
876 2250 970 2308 latue-
1011 2257 1068 2309 tem
1085 2250 1177 2308 multo
1191 2249 1367 2323 Gregoriana
1389 2251 1531 2307 minorem
1555 2265 1612 2308 esse

118 2348 193 2411 rant,
212 2340 341 2409 dicitur;
360 2339 506 2398 secundus
525 2339 560 2398 de
579 2339 738 2398 virtutibus
752 2339 844 2398 salicti
858 2337 970 2398 iuliani
1011 2342 1062 2401 dit.
1081 2341 1159 2399 Gum'
1178 2357 1245 2399 vero
1269 2357 1326 2399 non
1352 2356 1445 2399 uirum
1472 2341 1612 2399 solummo

118 2430 369 2504 hiericuntinam
395 2435 529 2487 saucium
554 2431 698 2501 specialem
722 2446 801 2484 suum
823 2434 971 2501 patronum
1011 2441 1105 2507 caput,
1120 2432 1169 2491 sed
1190 2434 1338 2506 complura
1361 2432 1467 2506 passim
1492 2448 1543 2506 prr
1566 2438 1612 2490 tolt

117 2532 332 2591 nonnunquam
356 2516 491 2590 appellat,
506 2516 583 2591 quod
603 2515 632 2573 in
650 2517 713 2588 ejus
731 2513 850 2572 basilica
868 2513 970 2572 Briva·
1012 2521 1129 2581 eruriuru
1144 2521 1272 2594 dispersu
1286 2537 1319 2579 eu
1344 2521 1428 2577 morie
1450 2520 1612 2593 interpolate

118 2607 192 2667 tensi
207 2604 352 2664 enutritus
365 2602 535 2676 aliquandiu
562 2603 680 2673 luisset;
696 2611 820 2678 quatuor
845 2618 969 2676 sequen·
1010 2611 1048 2669 rit
1062 2617 1090 2668 et
1105 2610 1249 2683 scripserit
1264 2609 1309 2667 vir
1323 2609 1454 2668 eruditus
1463 2632 1469 2678 ;
1487 2624 1543 2666 riou
1558 2606 1613 2667 levi

117 2704 160 2757 tes
172 2697 208 2756 de
222 2694 379 2754 virtutibus
393 2695 485 2752 sancti
496 2692 613 2751 Martini
626 2692 970 2768 appellantur3septimus
1011 2696 1107 2755 visum
1123 2703 1164 2754 est
1178 2712 1210 2753 ca
1225 2696 1261 2753 de
1276 2712 1306 2753 re
1321 2697 1414 2754 insius
1427 2701 1454 2752 ct
1479 2694 1612 2753 accuratio

117 2784 154 2844 de
170 2782 363 2860 quorumdam
377 2784 569 2838 Fcticicscrum
583 2795 646 2851 scu,
659 2788 692 2838 ut
706 2780 813 2839 habent
835 2778 971 2837 nonnulli
1012 2796 1062 2844 uui
1076 2786 1146 2843 iuisa
1162 2802 1212 2859 pro
1228 2785 1349 2843 sinceris
1362 2784 1492 2855 Gregorii
1507 2785 1612 2859 operibt

118 2877 239 2947 bodicus,
259 2877 456 2944 Religiosot‘ttm
473 2872 551 2939 Viid;
574 2871 697 2930 ultimus
719 2869 895 2945 deniquede
914 2868 971 2926 lni-
1013 2882 1273 2935 nutceriercrnct
1289 2876 1415 2949 genuina
1440 2877 1565 2934 debitunt
1576 2892 1610 2949 pc

120 2964 229 3023 raculis
247 2961 462 3022 confessorum.
478 2959 568 3019 Paulo
580 2960 663 3018 aliter
680 2959 731 3017 alii
752 2958 865 3017 cosdem
884 2956 972 3016 libros
1014 2973 1081 3024 reru.
1099 2965 1134 3024 Ut
1147 2980 1214 3022 νεα)
1240 2965 1271 3021 in
1294 2964 1492 3037 expendendis
1519 2980 1551 3021 ea
1577 2963 1612 3022 de

118 3053 148 3113 in
172 3052 261 3112 variis
278 3050 426 3110 codicibus
449 3049 623 3108 inscribunt.
646 3046 774 3106 Priorem
791 3046 871 3103 enim
898 3060 970 3103 non·
979 3092 1001 3153 C
1013 3056 1096 3114 uuuu
1119 3055 1285 3115 suboriatur
1300 3055 1441 3127 censurio,
1453 3055 1578 3113 ruiturus
1596 3071 1613 3130 q

116 3144 424 3218 nulllitltllnlt'bt'ttmt'tt
438 3143 591 3211 gloriasetl
605 3130 743 3209 degloriet
754 3140 970 3211 Martyrumitp·
1012 3146 1159 3220 opinionis
1184 3146 1374 3219 patrocinium
1402 3146 1528 3216 adducit,
1559 3146 1612 3219 sing

117 3232 235 3307 pellant,
253 3246 340 3306 quem
362 3230 448 3288 ctiam
471 3229 563 3304 aliqui
582 3228 710 3302 primum
731 3225 850 3293 librum,
873 3234 901 3286 et
924 3243 970 3284 se·
1012 3232 1115 3290 dendce
1133 3239 1210 3290 suxit.
1229 3232 1278 3290 Ea
1299 3240 1366 3290 sunt
1387 3235 1506 3291 omnino
1530 3240 1610 3289 tres:

117 3327 254 3397 quantem
270 3319 306 3377 de
325 3317 355 3377 S.
370 3317 496 3388 Juliano‚
514 3319 622 3377 librum
639 3313 801 3374 secundum
828 3318 857 3370 in
880 3317 971 3384 picria
1012 3321 1110 3378 dicuin
1126 3318 1384 3392 manuscriptorum
1398 3321 1567 3378 auctoritare
1577 3335 1612 3393 rep

116 3417 270 3483 Martyrum
284 3425 450 3485 nuncupare
465 3410 567 3469 solent.
585 3408 633 3467 Sic
646 3406 732 3465 ctiam
749 3405 823 3465 liber
837 3412 867 3463 tu
881 3410 972 3477 utorio
1013 3426 1050 3469 ex
1065 3410 1236 3482 Fredegario
1249 3410 1378 3482 Gregorii
1397 3409 1502 3468 saerulo
1519 3410 1612 3483 septiu

117 3501 319 3561 Conlessorum
334 3501 428 3559 dictus
442 3498 577 3570 occurrit,
598 3496 649 3571 qui
668 3496 699 3553 in
714 3495 857 3555 Chronico
880 3495 971 3554 suncti
1012 3501 1126 3560 tertiam
1141 3500 1267 3574 denique
1281 3501 1398 3574 exstiti
1414 3500 1588 3569 diversitate,
1605 3515 1612 3558 i

118 3590 243 3664 Benigui
255 3589 388 3648 laudatur
412 3588 467 3648 sub
481 3588 565 3647 titulo
580 3588 646 3642 iibri
664 3587 697 3641 de
711 3590 780 3641 viris
803 3587 968 3642 illustribus.
1012 3589 1077 3657 bus,
1095 3589 1147 3663 qui
1165 3589 1194 3647 in
1210 3589 1354 3663 eiusmodi
1370 3590 1512 3662 capitibus
1525 3590 1612 3648 rcicru

119 3680 260 3741 Nonnulli
270 3690 366 3740 autem
376 3675 678 3754 postlrabitaGregorii
691 3675 842 3745 librorum,
859 3676 924 3733 licet
935 3674 972 3732 ab
1013 3679 1133 3737 acritate
1150 3679 1285 3738 historico
1302 3680 1423 3751 alienos,
1439 3689 1466 3737 et
1491 3679 1577 3753 plane
1599 3694 1612 3737 s

117 3788 152 3831 eo
165 3773 227 3847 ipso
242 3773 322 3841 lacta,
336 3772 491 3841 divisione,
505 3769 592 3828 aliam
608 3768 786 3827 invexerunt
801 3784 870 3828 curn
888 3767 972 3826 noris
1013 3768 1121 3826 fetibus
1141 3769 1285 3842 oppositos
1311 3778 1428 3826 censet:
1445 3784 1511 3842 qua
1525 3766 1612 3842 quide

119 3863 220 3923 titulis.
237 3863 269 3922 Id
285 3866 315 3923 in
331 3864 428 3923 codice
440 3859 617 3921 Floriacensi
637 3861 673 3918 ab
688 3862 773 3919 annis
786 3862 901 3919 circiter
918 3860 972 3919 600
1013 3860 1096 3919 nulla
1116 3874 1178 3918 esse
1204 3860 1509 3930 demonstraverimus,
1536 3874 1612 3917 corrt

116 3964 232 4017 exarato
246 3955 476 4024 observavimus,
491 3953 522 4011 in
537 3968 596 4026 quo
615 3951 742 4027 primum
758 3952 912 4011 exhibetur
934 3952 970 4009 li·
1013 3948 1166 4020 sententia,
1187 3949 1330 4021 stabitque
1352 3948 1524 4007 inconcussa
1538 3947 1612 4021 Greg

117 4046 215 4106 berdc
234 4045 332 4106 Gloria
347 4045 507 4119 Martyrum
531 4042 586 4101 sub
613 4058 666 4101 suo
690 4042 784 4112 titulo,
812 4048 874 4101 tum
897 4042 971 4102 Vitae
1013 4038 1138 4111 tegritas.

118 4134 235 4194 Patrum
251 4134 306 4193 sub
320 4133 404 4192 titulo
417 4130 483 4188 libri
497 4129 640 4189 secundi:
667 4130 823 4204 posthunc
848 4129 970 4189 habetur
1048 4127 1093 4185 87.
1122 4124 1239 4184 Codices
1267 4125 1451 4200 Gregorianre
1483 4126 1612 4187 Historia

116 4223 191 4282 liber
211 4223 246 4283 de
259 4222 357 4282 Gloria
373 4219 589 4291 Goniessorum,
610 4221 661 4295 qui
678 4219 719 4278 ibi
736 4220 842 4278 dicitur
862 4220 969 4294 Grego-
1011 4217 1131 4276 omnino
1158 4219 1288 4293 quinque
1316 4219 1370 4276 sibi
1397 4220 1473 4277 risos
1496 4219 1587 4277 luisse
1607 4235 1612 4276 t

118 4312 153 4371 rii
173 4310 353 4371 Turonensis
376 4307 450 4366 liber
469 4309 580 4367 tertius.
603 4309 649 4366 An
676 4309 774 4382 plures
795 4309 969 4380 exstiterint,
1012 4309 1118 4383 quibus
1133 4308 1234 4366 nullus
1249 4316 1301 4377 est,
1318 4310 1369 4381 qui
1383 4310 1523 4381 integram
1538 4308 1612 4366 llrstt

117 4402 271 4461 observare
284 4416 341 4460 non
362 4398 454 4469 licuit,
471 4400 582 4459 avulsis
607 4415 624 4457 a
647 4399 743 4458 codice
758 4399 834 4458 loliis
848 4398 1138 4473 sequen-ovulgntis
1161 4405 1265 4469 exstit,
1284 4407 1477 4470 repraesentet.
1497 4397 1579 4467 Quod
1596 4412 1612 4454 n

118 4493 206 4552 tibus.
221 4494 263 4552 lto
283 4492 314 4550 in
328 4489 425 4549 codice
439 4490 606 4549 monasterii
632 4490 724 4548 sancti
739 4490 871 4548 Audoeni
894 4492 971 4566 apud
1013 4489 1128 4547 videtur
1142 4487 1374 4561 interpolationis
1391 4489 1529 4546 indicium
1547 4511 1553 4545 :
1575 4503 1611 4547 cu

117 4582 330 4657 Rotiromagum
346 4580 475 4655 ejusdcm
490 4579 594 4647 celatis
612 4585 706 4637 exstat
726 4580 798 4639 liber
812 4580 917 4640 unicus
933 4599 972 4641 ex
1012 4581 1102 4639 bilius
1127 4580 1273 4638 existimet
1300 4580 1433 4652 quatiam
1461 4580 1550 4638 luisse
1576 4578 1612 4637 ah

116 4673 369 4749 capitulisaliquot
383 4671 568 4730 librorumde
578 4669 845 4745 GloriaMartyrum
858 4678 885 4729 et
899 4671 971 4730 Con·
1012 4671 1118 4740 addita,
1136 4687 1222 4746 quam
1244 4670 1355 4741 integro
1370 4678 1397 4729 et
1412 4685 1548 4742 gerurano
1563 4684 1612 4743 ope

118 4766 271 4834 fessorum,
299 4761 467 4837 aliquotque
498 4761 573 4818 Vitis
599 4760 715 4819 Patrum
742 4762 968 4832 consarcinatus,
1013 4775 1079 4818 rum
1092 4759 1158 4818 licet
1171 4761 1224 4817 lroc
1240 4769 1445 4831 argumentum
1459 4760 1537 4817 liaud
1555 4759 1612 4818 imn

118 4856 173 4914 sub
201 4856 256 4914 boc
281 4851 374 4917 titulo,
406 4852 515 4920 Gecrpii
541 4853 673 4907 Florentii
703 4852 828 4922 Gregorii
856 4855 972 4908 imonis
1013 4864 1094 4907 mum
1116 4848 1228 4907 Gointio
1252 4849 1348 4907 visum
1369 4849 1414 4918 sit,
1437 4849 1543 4923 quippe
1565 4846 1612 4920 qui

118 4944 238 5016 episcopi
262 4942 296 4996 dc
325 4942 469 4996 Miracutis
495 4943 649 4994 sanctorum
677 4941 754 4995 liber.
783 4938 878 4998 Simili
913 4939 970 4997 lere
1013 4939 1138 4998 codicem
1157 4941 1284 4997 novisset
1300 4939 1450 5012 integram,
1465 4947 1497 4996 ut
1512 4936 1612 4996 incdit

116 5030 203 5090 modo
214 5028 349 5104 permixti
360 5028 468 5086 suntin
481 5026 577 5085 codice.
586 5027 705 5097 llollegii
719 5027 890 5086 Parisiensis
904 5026 967 5086 Soc.
1011 5028 1084 5102 gorii
1104 5026 1262 5085 Historiam
1288 5027 1492 5095 continentem,
1527 5024 1597 5083 illud

117 5119 187 5179 lesu
209 5116 277 5174 libri
301 5132 351 5174 seu
374 5116 468 5188 potius
493 5115 603 5188 aliquot
624 5117 750 5189 capitula
773 5115 915 5175 librorum
935 5115 970 5173 dc
1011 5117 1151 5175 momenti
1174 5115 1245 5173 viris
1265 5116 1394 5185 eruditis,
1410 5112 1612 5189 utspero,ridt

119 5205 217 5267 Gloria
232 5206 392 5279 Martyrum
407 5213 434 5262 et
449 5203 663 5273 Conlessorum,
679 5203 734 5263 sub
750 5204 804 5262 irae
817 5206 904 5263 unica
921 5205 970 5263 in·
1011 5207 1105 5266 solum
1122 5207 1232 5265 codices
1246 5207 1392 5265 codicibus
1415 5204 1612 5279 opposuerimu

118 5293 273 5367 scriptione
300 5313 306 5352 :
336 5297 436 5365 incipit
473 5295 541 5349 liber
568 5295 733 5350 Miraculum
761 5294 870 5363 Georgii
906 5297 969 5350 itte·
1011 5297 1304 5357 demonstraverimus
1327 5297 1437 5355 codices
1459 5311 1518 5365 eos,
1542 5294 1612 5369 qui⁴

116 5384 201 5439 rentii
215 5384 339 5452 &coemi
361 5386 480 5455 episcopi
505 5386 535 5438 in
552 5386 642 5452 picria
667 5384 849 5454 plurimorum
869 5389 972 5454 mauu·
1010 5400 1091 5459 gram
1110 5385 1267 5454 continent,
1283 5384 1374 5443 multo
1392 5386 1508 5459 majoris
1523 5398 1612 5443 ossea

118 5490 180 5530 rum
189 5488 242 5531 seu
256 5473 462 5532 contessorum.
475 5471 530 5532 Sed
545 5473 608 5530 hac
619 5470 740 5528 minoris
752 5477 822 5529 sunt
832 5472 971 5531 momenti
1012 5488 1084 5547 quos
1103 5488 1141 5532 ex
1158 5473 1221 5546 ipso
1246 5472 1332 5530 etiam
1353 5471 1465 5531 Gointio
1493 5471 1611 5532 mutilos

120 5576 210 5637 quam
226 5561 364 5623 utiusius
378 5566 597 5637 pertractentur.
612 5558 669 5617 Nec
687 5558 798 5620 diutius
811 5559 971 5621 immoran·
1012 5578 1074 5621 esse
1090 5560 1287 5635 probabimus,
1305 5568 1403 5635 utpote
1425 5562 1476 5636 qui
1497 5560 1612 5635 genuini
