3736 6248
567 570 1197 705 reassumam,
1285 517 1289 524 ’

464 795 852 914 mucrona
896 811 1280 917 amonstro

598 998 656 1068 our
675 969 777 1059 russo
796 1001 981 1060 stratuum
1001 1002 1163 1062 scnrrsrr.

97 1207 178 1279 087
184 1201 501 1263 summm-catilla
512 1200 848 1271 ilistrsnsactla,seqrreuti
863 1202 888 1262 A
902 1200 946 1269 qrri
962 1213 1045 1271 arsque
1057 1200 1090 1255 ed
1104 1200 1214 1257 Pontem
1226 1199 1328 1272 Ugone.
1345 1203 1407 1258 rttla
1421 1205 1525 1274 publica
1540 1204 1566 1273 ¹,
1580 1206 1688 1280 adeius

60 1310 133 1350 anuo
144 1298 239 1354 ilerum
253 1298 373 1351 &sones
383 1302 475 1349 contra
485 1307 578 1351 eoram
590 1291 683 1354 iidem.
693 1307 773 1362 quam
784 1305 853 1362 prae·
905 1290 1071 1361 praesentiam
1091 1292 1224 1347 adducere
1238 1291 1361 1350 deberet.

60 1385 117 1444 lato
132 1389 187 1458 regi
200 1388 300 1442 dudum
314 1385 501 1456 promiseram,
516 1383 597 1440 solito
608 1398 681 1439 more
696 1382 792 1440 iterum
806 1396 851 1439 re·
940 1385 989 1436 Aa.
1005 1396 1107 1438 necere.
1129 1380 1219 1453 ibique
1238 1382 1392 1454 Ateplranua
1411 1400 1477 1456 papa
1499 1384 1640 1444 {inmensis
1658 1389 1692 1448 oti

61 1480 243 1537 bellaeontra
252 1478 486 1548 ipsumeasistunt.
494 1473 604 1530 undeet
611 1474 738 1543 Pippiuns
745 1490 803 1540 ros,
813 1474 853 1529 ira
904 1474 1074 1542 presentiam
1085 1475 1155 1542 regis
1169 1474 1288 1540 veniens,
1304 1477 1395 1531 multis
1406 1478 1562 1535 muneribus
1572 1489 1626 1534 tam
1642 1480 1692 1549 ipsi

59 1581 224 1642 mammolas,
236 1578 372 1627 commoto
391 1570 465 1622 omni
477 1568 597 1623 exercitu
614 1565 786 1633 Francorum,
801 1566 853 1622 ire-
903 1566 960 1634 regi
975 1579 1054 1633 quarn
1078 1574 1106 1621 et
1119 1565 1229 1622 irarrcis
1245 1568 1356 1639 largitus
1370 1579 1430 1631 est,
1455 1571 1582 1626 auxilium
1599 1585 1693 1642 peteris

59 1676 121 1718 rum
137 1661 231 1718 libano
244 1659 401 1730 transiecta,
417 1659 443 1714 in
458 1656 601 1714 Saaomam
614 1671 676 1712 eum
692 1670 789 1726 magno
802 1670 852 1724 ap·
903 1667 995 1712 contra
1011 1665 1118 1728 gentem
1141 1659 1374 1729 Langobardorum
1388 1671 1521 1716 eteorum
1543 1678 1634 1733 regern
1648 1664 1695 1718 lli·

60 1762 155 1824 parate
174 1752 295 1817 renunt,
309 1751 400 1820 ibique
422 1763 515 1804 eornm
531 1748 642 1815 patriam
658 1746 776 1803 maxime
790 1746 853 1818 igne
902 1747 1027 1811 stultum,
1041 1758 1071 1803 ιιι
1091 1763 1138 1817 per
1152 1749 1211 1815 eins
1231 1749 1393 1816 adjutoriam
1408 1749 1452 1805 -ab
1468 1765 1562 1806 eorum
1581 1768 1694 1823 oppres·

59 1845 206 1909 cremarit,
226 1844 348 1914 captivos
368 1851 423 1898 tam
442 1842 515 1897 siros
528 1855 607 1911 quam
628 1839 741 1896 iemiuas
761 1854 851 1895 sectam
903 1839 1024 1895 sionibus
1042 1839 1126 1912 089
1142 1839 1185 1896 rel
1207 1840 1384 1897 fraudulentia
1404 1843 1438 1897 de
1462 1845 1583 1899 ntanibus
1597 1858 1690 1901 eorntn

59 1936 147 2004 elusit,
162 1951 224 1991 curu
239 1936 348 1990 multam
364 1932 480 2005 predam
496 1932 596 1988 ibidem
611 1931 733 1993 sedetet,
747 1939 775 1988 et
793 1930 853 2000 plu·
904 1930 1080 1997 liberaretur,
1099 1941 1127 1986 et
1149 1932 1247 1988 tributa
1261 1942 1288 1987 et
1302 1948 1422 1998 munera,
1443 1949 1503 2004 nuto
1517 1947 1611 1991 eontra
1625 1936 1692 2006 lagu

59 2027 143 2081 rimos
156 2025 277 2083 &sones
291 2023 390 2079 ibidem
403 2023 604 2096 prostravisset.
615 2022 691 2090 Quod
707 2020 827 2078 ridentes
837 2029 853 2058 ⁴
904 2020 1026 2075 ordinem
1042 2035 1056 2073 a
1074 2021 1201 2076 ltomauis
1214 2022 1390 2092 requirebant
1400 2025 1503 2092 lacere,
1520 2026 1691 2085 desisterent.

58 2117 200 2183 Sasoracs,
223 2115 389 2185 penitentia·
402 2113 548 2178 commoti,
572 2127 634 2168 eum
650 2110 730 2168 solito
755 2112 852 2167 timore
890 2107 979 2190 ,runc
993 2110 1121 2180 Pippirms
1135 2126 1181 2168 rer
1203 2114 1312 2180 praelato
1326 2113 1461 2184 Steplaano
1474 2131 1541 2187 papa
1559 2118 1629 2186 apud
1643 2118 1692 2173 Pa·

57 2208 229 2265 elementiam
241 2207 311 2277 regia
325 2213 428 2276 petum,
442 2214 471 2259 nt
485 2218 576 2274 pacem
589 2203 630 2259 eis
643 2202 812 2269 concederet,
824 2209 853 2257 et
904 2205 984 2258 rlalus
998 2203 1134 2258 civitatem
1149 2207 1175 2259 ln
1190 2206 1355 2268 monasterio
1377 2208 1464 2262 uncti
1486 2207 1601 2279 Dionysii
1621 2224 1692 2264 mar.

57 2309 228 2354 sacramenta
242 2309 322 2367 argue
344 2295 459 2361 tributa,
474 2295 559 2351 ιιιιιΙιο
573 2294 676 2364 naajora
698 2308 777 2363 quarn
789 2302 852 2350 ante
904 2294 970 2365 tyris
986 2291 1009 2359 ἰ,
1020 2309 1081 2349 curn
1094 2293 1194 2366 ingenti
1205 2309 1268 2349 eura
1282 2307 1310 2352 et
1323 2296 1405 2351 multa
1415 2297 1562 2368 diligentia,
1574 2298 1694 2357 biemare

60 2375 251 2460 promiserant,
272 2389 432 2453 redderent,
446 2399 473 2442 et
494 2400 629 2456 nunqnam
646 2389 715 2440 ultra
728 2386 782 2454 jam
806 2400 849 2440 re·
905 2387 1044 2456 praecepit.
1066 2387 1239 2458 Legatlorrem
1259 2388 1292 2445 ad
1316 2388 1459 2445 Aistnllnm
1477 2406 1566 2462 regern
1590 2393 1693 2463 Larign-

58 2480 144 2536 belles
162 2481 334 2535 exsisterent.
348 2476 405 2532 liet
425 2476 571 2547 Pippiuus,
594 2475 703 2531 Claristo
715 2474 849 2546 propitio,
904 2475 1047 2532 bardorum
1071 2483 1199 2546 mittens,
1226 2490 1321 2549 petens
1336 2490 1364 2536 ιιι
1385 2492 1492 2552 propter
1515 2486 1691 2541 reserentiant

56 2588 121 2629 curn
136 2585 232 2642 magno
246 2570 381 2642 trmmplao
391 2571 488 2625 iterum
499 2568 533 2623 ad
546 2569 667 2625 illrennm
677 2568 711 2623 ad
722 2578 851 2635 castrum,
868 2571 892 2631 Β
904 2568 1120 2626 beatissimorum
1133 2571 1314 2640 apostolorum
1328 2573 1398 2628 Petri
1413 2585 1440 2629 et
1450 2572 1525 2630 Pauli
1535 2575 1561 2629 in
1574 2576 1694 2643 partibus

57 2664 137 2733 wius
148 2674 190 2719 est
203 2677 300 2718 nomen
318 2662 408 2717 Boram
419 2659 447 2730 b,
462 2661 583 2716 reniens.
598 2661 664 2716 bum
681 2661 739 2716 lateo
749 2670 852 2731 ageret,
905 2659 998 2716 liorem
1012 2662 1144 2718 nostiliter
1158 2676 1211 2718 non
1224 2662 1384 2728 ambularet,
1405 2673 1434 2718 et
1449 2666 1649 2734 superstitiosas
1663 2679 1695 2720 ac
1812 2714 1817 2724 .

56 2753 169 2809 nuntius
181 2754 293 2808 reuiens
306 2752 340 2806 ad
353 2751 492 2823 prelatum
505 2764 596 2821 regem
609 2764 642 2806 et
658 2751 779 2829 partibus
791 2752 855 2810 Bnr·
904 2751 999 2822 impias
1013 2752 1055 2807 rel
1069 2762 1162 2809 contra
1177 2752 1242 2824 legis
1255 2753 1377 2808 ordinem
1391 2768 1498 2821 musas,
1520 2756 1590 2824 urtod
1614 2766 1693 2814 anteo

56 2842 261 2915 gundie‚r1rrod
276 2856 420 2912 germanus
434 2842 519 2909 ipsius
539 2841 627 2913 regis,
643 2843 752 2899 nomine
765 2842 851 2912 Griio,
904 2839 1016 2897 liomaui
1032 2858 1168 2912 nimquam
1182 2842 1319 2910 fecerant,
1343 2855 1454 2915 propter
1466 2845 1524 2915 ejus
1537 2848 1692 2917 petitionem

54 2934 103 3002 qai
118 2932 219 2986 dudum
231 2933 257 2987 in
272 2931 444 2987 wasconiam
462 2933 521 2985 ead
533 2930 689 2988 waifarium
705 2933 852 3004 principem
903 2929 993 2988 laoere
1006 2948 1059 2988 nora
1077 2933 1199 2989 deberet.

56 3021 309 3094 menologium
339 3019 456 3088 lecerat,
480 3019 656 3077 a‘ibeodone
678 3020 736 3095 [Al.
759 3022 848 3080 ‘liteu-
938 3021 1021 3080 CXX.
1041 3021 1162 3094 cunique
1176 3025 1318 3094 medicam
1340 3042 1387 3082 res
1413 3026 1542 3096 Pippinm
1556 3029 1626 3100 quod
1646 3042 1694 3100 per

56 3109 509 3184 dwm1mmiteliennenre,seo
533 3120 561 3167 et
576 3108 719 3167 Frederico
734 3111 851 3185 llltraiu-
903 3113 1005 3184 legatos
1028 3129 1091 3170 snos
1105 3115 1219 3186 petierat
1239 3131 1293 3173 non
1308 3116 1495 3186 impetrasset,
1518 3128 1546 3174 et
1565 3119 1694 3176 Aiatulius

56 3219 128 3258 rano
149 3202 265 3271 comite,
279 3202 342 3257 dum
359 3211 448 3271 partes
471 3200 663 3272 tangebamus
679 3215 800 3273 peteret,
824 3215 853 3263 et
903 3203 954 3261 boc
975 3203 1063 3261 lacere
1077 3204 1299 3276 contempsisset,
1318 3207 1511 3263 erolntoanno
1527 3207 1552 3275 i,
1568 3208 1695 3278 prelatus

57 3294 172 3351 irreidias
195 3305 289 3350 eontra
314 3295 400 3365 ipsum
422 3293 581 3364 praedictum
609 3310 699 3366 regem
723 3307 850 3368 pararet,
902 3308 949 3350 rea
965 3293 998 3349 ad
1011 3293 1145 3350 Kalendas
1159 3293 1269 3351 Hart'aa
1282 3310 1378 3352 oannes
1395 3295 1535 3363 Francos.
1550 3298 1621 3354 sieut
1634 3312 1695 3354 mos

56 3387 130 3456 apud
145 3387 326 3442 liauriennam
336 3387 430 3442 urbem
441 3399 522 3456 super
534 3386 645 3441 durium
660 3387 772 3446 Arboris
783 3385 797 3428 ¹¹
810 3390 851 3446 in·
901 3381 1067 3440 iirarremum
1082 3395 1133 3447 est.
1151 3384 1294 3441 llcmacol
1310 3385 1373 3442 rilla
1394 3386 1497 3456 publiea
1511 3391 1545 3444 arl
1557 3403 1588 3447 se
1600 3391 1695 3448 tenire

57 3478 191 3534 aerlei-tua
202 3486 254 3533 est.
275 3477 341 3533 liam
354 3486 383 3534 ct
398 3477 447 3547 ipsi
459 3478 635 3548 superscripti
650 3481 764 3538 comites
777 3482 803 3539 in
817 3497 852 3540 eo
902 3478 1040 3548 precepit.
1055 3473 1177 3550 irritoque
1188 3478 1302 3534 coasilio
1316 3491 1378 3534 euna
1397 3480 1552 3548 proceribus
1566 3482 1639 3548 suis,
1658 3497 1693 3538 eo

57 3569 264 3640 praelioparitrr
277 3567 411 3624 interlecti
424 3577 495 3625 arant
562 3592 566 3599 ·
734 3603 735 3608 κ
851 3590 852 3593 ’
903 3581 1038 3638 terrrpore,
1053 3584 1107 3639 qrro
1120 3569 1206 3624 solent
1225 3583 1303 3634 reges
1313 3567 1349 3623 ad
1365 3569 1433 3625 bella
1457 3571 1615 3640 procedere,
1630 3583 1697 3628 cure

93 3659 190 3716 cxlii.
211 3659 262 3716 Per
275 3661 446 3716 Arduennam
462 3660 559 3717 sileam
573 3675 633 3718 com
656 3662 713 3732 lpse
734 3675 781 3720 res
804 3681 851 3722 re·
903 3660 1043 3730 Steplrano
1071 3673 1139 3730 grapa
1156 3657 1180 3726 ¹,
1193 3670 1222 3715 et
1243 3660 1351 3729 reliquae
1371 3663 1511 3729 nationes,
1530 3662 1630 3732 quein
1644 3674 1696 3718 sno

56 3751 149 3821 ideas,
162 3759 191 3807 et
200 3751 349 3808 'l'lteudone
363 3751 425 3807 rilla
440 3751 570 3821 ιριιιιιῑοιι
582 3766 666 3822 srrper
685 3753 794 3810 liusena
809 3772 852 3810 pe.
902 3765 986 3823 regim
1013 3751 1271 3816 commorabantur,
1294 3761 1322 3807 et
1344 3749 1510 3807 Francorum
1535 3752 1640 3824 agmina
1658 3755 1694 3809 ad

57 3845 195 3911 adimet,
219 3844 328 3898 rrurrtius
342 3843 376 3898 ad
390 3857 452 3899 eurn
467 3843 579 3899 veniens
592 3842 677 3907 dixit,
700 3845 771 3913 quod
792 3848 851 3902 Ate-
904 3852 995 3912 partes
1009 3841 1201 3913 langobardie
1213 3857 1276 3897 cum
1290 3844 1363 3898 omni
1383 3844 1553 3901 multitudine
1566 3859 1613 3912 per
1624 3843 1695 3916 tog·

59 3935 166 4006 pbaoas
178 3948 243 4004 papa
256 3934 292 3991 dc
306 3933 426 4004 partibus
437 3934 529 3990 Rome
541 3949 603 3991 cum
614 3925 711 4005 magno
724 3948 851 4007 apparatu
865 3929 888 3992 C
903 3937 1004 3991 dunum
1030 3937 1125 3991 b'alliae
1137 3945 1166 3991 et
1182 3936 1311 3992 Viennam
1327 3947 1487 4008 pergentes,
1511 3951 1595 4006 usgue
1618 3940 1693 3995 liau-

57 4039 88 4085 et
102 4029 196 4105 multis
210 4027 376 4093 muneribus,
389 4027 445 4097 jam
461 4036 552 4084 monte
563 4027 638 4084 loris
651 4026 661 4068 ¹
676 4038 849 4096 tritrsmeatn,
903 4030 1024 4084 rieurram
1038 4038 1227 4096 pervenerunt.
1241 4027 1372 4083 Aistulius
1385 4043 1431 4084 rer
1444 4028 1697 4099 Langobardorum,

56 4121 93 4174 sd
106 4117 168 4188 eiua
179 4126 336 4188 properaret
346 4118 502 4173 adrentum.
518 4118 850 4184 manutentionem
903 4117 961 4174 base
982 4118 1107 4185 audiens,
1123 4130 1259 4173 commoto
1278 4118 1359 4172 ornni·
1366 4121 1485 4174 exercitu
1502 4119 1697 4187 Langobardo-

54 4211 158 4281 garrdio
171 4218 200 4263 et
222 4210 314 4264 laetitia
328 4217 357 4265 et
371 4209 470 4278 ingenti
485 4224 549 4264 cora
571 4210 690 4279 recipere
706 4224 767 4265 eum
782 4224 851 4280 prte-
902 4226 982 4275 rum,
1007 4225 1091 4280 arsqrre
1110 4211 1143 4266 ad
1157 4211 1252 4266 illusas
1264 4220 1297 4277 ὓ,
1319 4226 1380 4281 que
1393 4213 1598 4279 cognrrmlnatur
1618 4214 1694 4272 Valle

54 4305 142 4374 cepit,
155 4311 183 4358 et
198 4303 254 4359 lilio
267 4311 317 4358 suo
339 4300 438 4359 Garolo
456 4304 480 4359 ei
493 4303 599 4358 obviarn
623 4304 662 4360 ire
678 4306 804 4374 precepit
824 4314 849 4370 s,
903 4301 1033 4366 seusana,
1051 4302 1170 4369 veniens,
1187 4299 1223 4355 ibi
1237 4315 1298 4355 curn
1310 4302 1384 4354 omnl
1399 4301 1518 4356 exercito
1532 4317 1583 4359 suo
1603 4314 1692 4360 eastra

91 4425 108 4454 ⁸
128 4415 215 4481 mitt,
230 4412 433 4469 menesterialis.
444 4413 476 4468 iit
491 4412 618 4468 Saxones.
632 4404 730 4468 Locum
751 4414 777 4468 in
793 4430 845 4484 quo
898 4411 969 4465 citur
983 4411 1007 4466 le
1017 4411 1102 4481 proed
1121 4410 1345 4478 Smer-demam,
1360 4411 1466 4468 abrilis
1488 4412 1619 4486 Aeetius,
1642 4430 1691 4473 sert

53 4485 156 4544 eerted
171 4484 289 4549 luerunt,
305 4484 373 4538 llimi
386 4498 467 4555 supra
482 4482 613 4537 Wiserarn
629 4485 738 4538 durium
752 4487 845 4555 appel·
900 4479 1026 4536 Norat'trr.

56 4557 114 4613 leat
130 4555 246 4610 Annales
259 4553 514 4610 Lauresbamenses.
531 4552 704 4608 Conditiorrcs
723 4568 787 4609 sero
801 4570 848 4626 pa·
922 4559 948 4597 't
969 4499 1032 4606 ilaec
1045 4549 1142 4620 rerba,
1163 4560 1187 4606 et
1201 4551 1273 4621 pilio,
1298 4562 1365 4619 cte..
1387 4554 1516 4624 precepit,
1540 4554 1640 4611 desum
1662 4558 1690 4614 m

53 4626 115 4692 eis,
129 4637 158 4679 ut
173 4624 307 4692 iegiturin
325 4623 472 4678 Annalibus
491 4622 682 4685 ttettmmbm,
705 4622 796 4691 luere,
817 4633 848 4682 ut
899 4621 960 4677 eorl.
977 4621 1073 4675 llolrer.
1138 4631 1148 4645 ·
1219 4666 1225 4679 .

53 4695 213 4753 melotes
236 4693 370 4749 licentiam
390 4692 519 4748 baberent
531 4692 631 4746 lilrridi
652 4691 732 4749 ildesu
747 4693 847 4776 praedi·
936 4687 1087 4757 hillaeso..
1114 4690 1221 4747 Partem
1243 4689 1362 4761 lingonis
1378 4693 1465 4747 uillam
1488 4693 1624 4765 pellicent.
1642 4692 1691 4751 Est

53 4765 154 4846 nudi,
177 4778 210 4818 ae
232 4764 381 4830 lraptieattdi
403 4763 541 4830 διιιιιιοι,
565 4770 646 4832 surse
665 4764 721 4834 regi
734 4764 848 4834 stragulis
901 4759 1024 4829 Poratigo,
1038 4774 1086 4842 seu
1108 4763 1228 4844 Poratieo,
1247 4763 1325 4842 vulgo
1349 4761 1469 4844 Pontion,
1485 4768 1519 4818 de
1534 4779 1587 4831 garo
1609 4779 1690 4846 supra

54 4834 560 4989 sepimemdorammffiw
574 4902 699 4982 electoris
708 4900 847 4984 Colonien·
898 4829 1438 4982 :greepiror'rzliiidi'tllr'rlasstiars'iirriiriiigitis
1460 4833 1643 4984 il'iiffmfm
1655 4835 1687 4887 m

53 4971 643 5113 :mitteretiltltlttbltl
656 4981 848 5114 laabim
899 4968 1688 5121 ..¹..leitiltalilttle‘tllltl'sibilatis

52 5116 141 5170 Areu.
864 5119 941 5182 nris
956 5109 1078 5178 precibus
1091 5109 1230 5164 sanitatem
1247 5118 1425 5174 recuperare.
1448 5110 1512 5166 lnde
1530 5112 1689 5167 abrenalmri

94 5195 106 5223 ⁸
130 5183 208 5246 Aula,
223 5181 304 5238 rear..
319 5190 343 5238 et
359 5181 438 5247 Cam,
453 5179 641 5245 Gtoatcertiurtt,
653 5189 682 5234 et
696 5181 795 5248 passim
809 5181 849 5236 iu·
902 5177 1040 5233 rnorracbit
1054 5179 1161 5248 pallium
1176 5192 1254 5232 strum
1270 5177 1421 5244 mortuone
1437 5180 1463 5234 irr
1479 5181 1580 5236 amoris
1593 5183 1690 5252 pignus

55 5253 99 5310 ira
125 5251 287 5308 coruom.
309 5249 483 5314 Wariarium,
510 5263 539 5304 ut
562 5253 703 5317 plurimum
731 5250 849 5322 Woiose-
901 5250 1028 5317 reliquit,
1058 5249 1128 5316 quod
1154 5248 1307 5301 etiamnunc
1329 5249 1455 5316 religiose
1478 5261 1625 5306 asservant.
1653 5253 1690 5305 lle

53 5325 140 5384 m.
153 5323 221 5377 can.
234 5337 423 5391 nonnunquam
439 5319 602 5389 Goioierium
615 5322 758 5388 appellarat.
901 5317 1005 5387 Pippioi
1021 5318 1154 5385 unctione,
1171 5317 1282 5387 aliisque
1296 5318 1375 5372 rebm
1387 5334 1402 5372 a
1412 5320 1549 5388 Stephano
1559 5319 1685 5375 ln'Gallia

93 5393 108 5429 ⁴
132 5392 239 5446 i'luaius
251 5393 307 5454 ille,
321 5398 400 5456 rotgo
415 5395 480 5445 Area
491 5391 614 5459 (l'Arclte)
629 5391 788 5458 appellatur,
803 5389 848 5458 qni
900 5388 993 5456 gestis.
1003 5387 1114 5458 ejusque
1128 5389 1154 5441 in
1171 5387 1271 5444 ilrbem
1284 5388 1369 5442 reditu
1384 5390 1511 5457 legendus
1522 5389 1687 5444 Anastasius.

55 5465 85 5519 in
108 5462 207 5517 Ιιιηιιι
224 5459 336 5533 (l’ltere)
361 5461 455 5515 induit.
481 5461 595 5514 llerrrbe
614 5459 766 5514 Hauneuna
787 5462 848 5515 ride
938 5469 946 5508 ι
970 5456 1037 5512 Corra
1060 5457 1146 5513 tribus
1160 5457 1296 5511 mmmm
1314 5460 1389 5524 justa
1406 5473 1526 5513 nostrum
1543 5459 1688 5522 eateabmr,

54 5537 179 5590 matario
194 5533 240 5585 lib.
257 5546 264 5584 ι
277 5532 312 5585 de
324 5530 398 5586 Glnr.
416 5529 490 5584 llart.
505 5543 566 5597 cap.
591 5527 634 5581 il.
902 5527 945 5581 irie
959 5527 1057 5597 qnippe
1077 5542 1202 5582 artrruma
1216 5527 1340 5582 lialeudis
1355 5529 1453 5584 ,llartiis
1466 5528 1582 5583 incltoal.
1597 5526 1689 5594 Quare

95 5601 261 5672 0tlppidnm
285 5600 491 5655 munitissimum
515 5599 659 5653 induratu
685 5598 848 5652 lmacmlrur·
902 5597 983 5666 paulo
997 5599 1119 5664 superius
1131 5601 1314 5664 apposuimus,
1329 5614 1372 5651 ort.
1396 5596 1459 5653 det,

53 5672 136 5741 poesi
155 5675 224 5725 luter
237 5672 332 5726 liettas
352 5680 379 5723 et
397 5670 516 5734 sircarrr;
534 5669 649 5735 priscum
671 5681 768 5721 nornen
785 5669 848 5722 reri·
937 5664 1086 5722 [Arinates
1099 5666 1243 5721 llertenses
1256 5667 1354 5722 trabem
1373 5664 1543 5721 Breucorum.

55 5751 116 5798 sset.
133 5758 173 5793 ma
184 5751 201 5794 tr
208 5739 232 5792 is
247 5741 402 5806 linerolus,
418 5736 559 5794 Germarris
580 5751 643 5791 tero
659 5735 842 5803 Diederrltoien.
940 5733 948 5773 ¹
970 5735 1015 5790 Sic
1030 5738 1096 5791 llolr.
1110 5737 1179 5790 liditi
1196 5751 1268 5797 verra,
1284 5735 1431 5804 Stephanus
1450 5752 1527 5806 papa.

97 5811 107 5852 ¹
130 5813 257 5865 ειιιιιιιιιιι
272 5809 406 5867 hilarinus
418 5808 516 5865 dieitur
528 5809 563 5863 ab
578 5806 704 5872 Atbtcm
719 5806 797 5876 rulgo
808 5805 849 5862 dt·
919 5845 921 5849 ,
937 5813 957 5843 ¹
969 5805 1063 5873 cass..
1078 5806 1217 5877 mendosa,
1233 5804 1333 5862 (ὶιιιιαι.
1343 5804 1433 5862 Clusae
1447 5805 1616 5878 appellantes
1632 5805 1690 5864 isat·
