3736 6248
108 264 144 329 tt
883 268 1092 331 Pennino.

110 390 243 469 nequitia
267 406 321 454 sua
345 393 517 466 resipiscens
541 390 716 451 abbatissam
733 390 847 452 Sanctae
867 392 1121 457 cmcisttooactus
1147 397 1245 457 luerit.
1275 396 1524 457 Resurrectionem
1549 410 1674 472 carpam:

110 478 295 549 monasterio,
315 494 332 537 a
350 494 407 552 quo
427 478 521 537 iuerat
540 482 630 551 rapta,
651 477 825 537 restitueret.
844 477 880 537 Et
898 480 965 555 qui·
1006 487 1123 561 prolatis
1148 487 1276 564 opposite
1288 502 1376 547 sacrae
1392 486 1547 562 Scriptura
1570 487 1674 547 testim<

111 567 259 629 demeum
275 566 373 627 Sancti
388 564 519 642 Dyonisii
534 564 652 625 eeclesia
667 581 756 641 prope
776 567 902 627 Parisios
928 570 965 628 ob
1008 576 1180 637 Stilut'oeuln
1193 578 1348 653 quemdam
1374 578 1575 652 presbyterum
1600 578 1639 635 ita
1664 594 1674 637 ε

110 658 217 719 caedem
231 659 260 716 in
276 673 310 715 ea
323 662 463 731 patmum
482 654 588 714 violata
601 655 712 727 luisset,
733 662 855 729 osticium
869 662 965 733 perdi·
1006 664 1057 725 ille
1071 668 1190 724 omnino
1204 666 1352 725 cnvrvictus
1366 712 1373 737 ,
1388 682 1419 724 sc
1431 682 1582 740 nunquam
1597 682 1661 724 earn

111 748 164 813 dit,
188 762 242 805 nec
257 744 297 805 ibi
314 760 395 803 sacra
409 744 548 803 cclebmta
563 743 692 816 inerunt,
708 746 800 804 donec
815 749 915 807 luisset
929 751 966 808 ab
1008 771 1073 815 rum
1096 754 1239 829 pollicitus
1252 756 1298 814 sit.
1316 755 1426 815 ibidem
1442 771 1557 831 quoque
1571 755 1606 812 de
1617 756 1674 831 jud

109 838 242 915 episcopo
266 835 458 896 reconciliata.
487 834 693 910 Episcoporum
709 837 746 895 ob
762 837 887 896 admissa
908 840 965 897 cri·
1007 846 1126 905 veritate
1140 847 1250 905 erudite
1264 845 1388 914 disserit,
1403 852 1430 903 ct
1444 845 1674 919 suppliciorum

110 930 191 991 mina
205 929 390 1005 dejectiones,
402 928 720 989 excommunicationes
730 929 760 987 in
774 931 964 1005 incestuosos,
1007 938 1151 998 damnatis
1166 938 1303 998 luendam
1317 938 1426 1012 probat.
1455 939 1496 997 Dc
1508 940 1611 997 iisdem
1628 956 1673 1014 pm

111 1020 296 1096 aliommque
322 1021 480 1080 criminum
500 1036 564 1079 reos
580 1022 779 1095 prmtermitto,
806 1024 882 1097 quod
904 1023 967 1083 ltmc
1008 1029 1189 1104 temporariis
1208 1044 1281 1103 quas
1300 1028 1407 1086 animm
1423 1028 1627 1087 detunctorum
1647 1046 1675 1103 pt

111 1112 225 1174 notiora
238 1112 306 1183 sint,
319 1128 407 1187 quarn
423 1111 616 1184 utindigeant
629 1112 723 1171 insius
739 1114 863 1173 tractari.
1008 1120 1067 1193 agit
1095 1119 1125 1177 in
1151 1121 1242 1193 capite
1262 1118 1365 1177 ultimo
1387 1118 1454 1176 libri
1478 1132 1486 1176 1
1509 1117 1544 1178 de
1566 1118 1664 1178 Gloria

147 1206 192 1267 59.
209 1206 255 1266 Ex
276 1206 322 1265 bis
346 1212 443 1266 autem
467 1205 604 1265 omnibus
627 1212 712 1279 patet,
733 1206 887 1267 utilissima
905 1224 967 1269 csse
1009 1208 1119 1268 Peccati
1138 1207 1289 1281 originalis
1312 1207 1450 1265 advorsus
1473 1206 1675 1279 Pelagianosv

112 1295 246 1370 Gregorii
268 1310 355 1371 opera
372 1295 407 1352 ad
427 1294 619 1369 indagandam
647 1293 805 1355 Gallicane
829 1297 967 1359 Ecclesiae
1007 1300 1468 1371 sualidoicontessioneaenovit,
1488 1315 1555 1358 cum
1576 1303 1675 1357 domins

111 1384 314 1461 disciplinam:
329 1398 419 1458 pauca
428 1382 487 1457 jam
498 1383 701 1455 subjungenda
714 1390 794 1455 sunt,
808 1401 846 1443 en
858 1386 966 1461 quibus
1008 1391 1153 1447 liberatum
1178 1406 1194 1448 a
1219 1390 1331 1449 Gliristo
1359 1389 1448 1447 luisse
1467 1391 1625 1462 prolitetur.
1649 1389 1675 1448 il

109 1477 299 1551 intelligatur,
312 1491 346 1535 ee
359 1490 417 1533 non
431 1477 529 1535 minus
544 1489 606 1535 osse
620 1473 724 1534 idonea
739 1474 775 1533 ad
796 1476 968 1538 confirman·
1009 1486 1088 1539 tuam
1113 1479 1212 1539 lilarire
1234 1479 1429 1549 virginitatem
1452 1479 1568 1551 laudat,
1590 1488 1619 1539 et
1638 1480 1675 1539 ali

112 1568 179 1631 dam
192 1568 281 1627 iidem
295 1570 433 1625 nostram.
450 1565 534 1624 Hanc
552 1566 632 1625 enim
651 1581 715 1625 eam
735 1567 830 1640 ipsam
848 1584 910 1629 esse
929 1587 967 1630 en
1008 1566 1101 1626 divini
1122 1582 1191 1626 vcro
1208 1565 1312 1625 auxilii
1337 1566 1373 1623 ad
1398 1574 1472 1626 recte
1492 1567 1637 1641 agendum
1661 1584 1675 1625 n

111 1658 214 1721 eodem
241 1660 357 1714 auctore
386 1652 534 1724 discimus,
561 1667 649 1726 quam
683 1660 778 1728 patres
814 1658 905 1717 nostri
930 1658 967 1716 ab
1008 1671 1068 1715 non
1089 1655 1185 1714 verbis
1211 1656 1314 1724 solum,
1336 1654 1386 1713 scd
1403 1661 1431 1715 et
1446 1655 1588 1731 exemplis
1609 1673 1675 1731 pass

111 1745 317 1823 Apostolorum
336 1740 486 1817 discipulis
501 1748 680 1815 acceperant.
696 1743 733 1802 iit
751 1743 870 1820 quidem
887 1744 1066 1822 nun-nbat.
1089 1744 1165 1803 Hinc
1185 1751 1260 1804 recto
1274 1745 1346 1803 lacta
1365 1759 1425 1803 non
1447 1744 1559 1804 viribus
1580 1746 1676 1821 propri

112 1854 202 1917 quam
223 1838 295 1897 alias
317 1840 376 1893 mm
395 1839 526 1893 accurate
545 1833 658 1893 locutus
676 1840 720 1894 est
738 1834 895 1906 Gregorius
914 1853 968 1897 no·
1009 1833 1112 1893 virtuti
1136 1832 1288 1892 tribuenda
1303 1848 1366 1891 esse
1387 1832 1469 1892 docet
1490 1834 1521 1893 in
1542 1834 1633 1908 capite
1658 1833 1675 1892 l:

113 1930 181 1998 ster,
191 1939 279 2002 quam
290 1938 358 1983 cum
369 1921 405 1980 de
416 1920 484 1980 lidei
494 1921 580 1980 rebus
593 1921 733 1994 tractavit,
745 1922 968 1998 necquidquam
1009 1922 1045 1981 de
1057 1922 1154 1982 Gloria
1166 1920 1348 1996 Martyrum,
1372 1923 1464 1996 capite
1481 1928 1579 1981 autem
1592 1923 1623 1980 lt
1642 1922 1675 1981 tii

112 2014 192 2076 suad
207 2020 265 2073 toto
277 2014 347 2072 vitae
362 2028 425 2071 sua>
437 2018 564 2085 ternpore
584 2011 655 2070 adeo
669 2010 824 2085 diligenter
841 2012 968 2089 inquisi·
1008 2029 1077 2090 quae
1092 2013 1176 2072 bonis
1196 2013 1342 2071 animetur
1365 2014 1511 2088 operibus,
1529 2014 1565 2071 ad
1581 2014 1672 2073 salute

64 2153 70 2161 .
111 2105 165 2175 vit,
184 2120 219 2163 ac
236 2118 270 2162 ea
288 2117 355 2177 quas
373 2101 408 2160 ad
428 2100 495 2159 ndei
517 2096 711 2173 integritatem
728 2107 756 2160 et
772 2101 968 2166 sinceritatem
1009 2101 1081 2160 riam
1107 2117 1168 2160 esse
1196 2107 1302 2160 censet.
1325 2099 1430 2159 Veram
1450 2110 1478 2160 et
1496 2102 1603 2160 realem
1629 2103 1658 2161 in

111 2193 302 2271 pertinebant.
326 2190 360 2250 Id
381 2191 478 2265 ipsum
496 2188 612 2249 disertis
630 2189 727 2249 verbis
742 2196 863 2252 testatur
884 2195 968 2255 initio
1009 2192 1136 2268 corporis
1158 2200 1186 2253 ct
1214 2190 1367 2267 sanguinis
1391 2192 1508 2251 Domini
1535 2192 1675 2266 prasenti:

112 2281 360 2351 librivlltstorie,
378 2280 429 2339 ubi
438 2285 590 2354 postquam
604 2294 634 2337 se
647 2280 845 2353 grammatice
859 2284 968 2358 regulis
1009 2282 1163 2342 narrandis
1190 2282 1320 2341 historiis
1346 2282 1456 2341 occasio
1479 2298 1540 2341 scsc
1557 2282 1672 2355 obtulit,

112 2388 172 2435 non
189 2371 273 2447 plene
286 2369 435 2429 eruditum
458 2366 553 2427 lassus
576 2366 687 2436 luisset,
709 2370 864 2445 subjungit
879 2388 910 2431 se
925 2382 967 2432 ta·
1009 2370 1174 2439 declaravit,
1194 2388 1227 2430 ac
1246 2372 1270 2429 si
1292 2370 1358 2429 data
1372 2386 1458 2444 opera
1477 2372 1649 2430 catholicum
1665 2371 1674 2431 i

115 2476 182 2523 meu
209 2458 353 2521 studuisse
375 2472 498 2533 semper,
519 2462 552 2516 ut
569 2456 605 2516 de
623 2457 711 2518 rebus
730 2458 797 2517 lidci
817 2475 920 2533 puram
941 2469 969 2521 et
1009 2466 1073 2532 post
1087 2468 1218 2518 exortam
1236 2459 1518 2531 chngarianorum
1540 2461 1676 2521 lrmrcsim

113 2553 258 2615 sinceram
280 2548 398 2608 baberet
422 2547 580 2608 notionem.
609 2550 694 2617 illud,
725 2549 831 2623 inquit,
862 2558 969 2610 tontum
1010 2548 1158 2609 voluisset.
1172 2550 1321 2617 Audenter,
1336 2547 1440 2622 inquit.
1457 2549 1487 2605 in
1503 2549 1577 2607 libro
1591 2548 1627 2605 dc
1641 2548 1674 2608 Gl

115 2644 238 2709 suamc,
263 2648 294 2699 nt
312 2645 385 2716 qnod
409 2646 439 2701 in
463 2646 587 2701 Ecclesia
611 2646 686 2701 credi
706 2648 885 2718 practicatur,
910 2652 970 2707 sinc
1010 2656 1087 2714 rum,
1103 2641 1194 2715 capite
1209 2640 1254 2711 86,
1270 2647 1393 2697 sanctum
1409 2643 1520 2696 Domini
1539 2657 1635 2713 corpas
1657 2658 1676 2697 ci

115 2735 210 2805 atiquo
230 2734 354 2802 mebant
369 2732 458 2789 cordis
479 2735 649 2789 hesitatione
663 2738 805 2805 retineam,
822 2742 874 2795 etc.
893 2736 969 2796 Sub·
1011 2749 1071 2789 cum
1112 2734 1198 2787 simus
1234 2736 1297 2787 actu
1334 2732 1445 2802 polluti,
1472 2731 1509 2785 od
1544 2732 1676 2800 predictam

112 2819 288 2897 jungitlidci
299 2835 361 2879 sure
371 2820 587 2894 professionem.
601 2836 689 2894 quum
704 2819 840 2897 Symbola
852 2823 970 2886 Nicaeno
1012 2837 1105 2893 quam,
1121 2826 1187 2889 etc.;
1212 2824 1240 2877 el
1261 2817 1353 2892 capite
1373 2818 1552 2891 sociassem
1568 2819 1634 2878 libri
1657 2834 1675 2875 n

115 2916 167 2971 aut
194 2910 511 2985 Constantinopolitano
541 2910 730 2985 prolixiorem
755 2914 854 2986 edidit,
878 2922 910 2974 nt
934 2917 971 2976 ab
1013 2906 1399 2980 ritmissftssliSJudffli‚tltli
1422 2908 1675 2967 cflfflcatltolicisa

115 3001 278 3061 heresibus
295 3016 362 3077 quae
379 3008 476 3075 postea
487 2998 711 3076 pullulaverant,
725 3004 855 3066 alienum
867 3023 898 3066 sc
909 3024 972 3067 csse
1013 3000 1112 3053 timim
1124 2998 1238 3065 plorimi
1257 2997 1377 3067 ⁰⁰rl‘0tis
1391 3000 1416 3051 ti
1430 2998 1574 3065 satellitii
1588 2999 1676 3052 ΗΘΜ

116 3092 312 3169 proliteretur.
330 3092 485 3153 Praeclams
499 3091 566 3151 fidei
586 3095 700 3169 regulas
715 3098 848 3170 pmponit
863 3098 936 3158 libro
950 3111 1002 3191 ¹0
1014 3092 1066 3144 iai·
1089 3084 1221 3158 Elliletis
1240 3083 1346 3155 Missis,
1370 3101 1408 3143 Ox
1434 3084 1508 3143 ΗΜΘ
1523 3098 1542 3143 11
1557 3085 1592 3142 (¹⁰
1611 3084 1676 3143 Mitt

117 3180 266 3253 Historia,
288 3181 381 3256 capite
407 3180 450 3252 li,
471 3196 617 3241 sacrarum
639 3200 742 3258 nempe
762 3186 923 3245 litterarum
944 3196 972 3246 et
1013 3177 1152 3247 Martini,
1180 3177 1271 3251 milite
1297 3177 1354 3249 ²¹7,
1383 3176 1508 3251 polulus
1541 3193 1676 3233 sucosam

119 3270 284 3333 traditionis
301 3270 465 3346 apostolicae
478 3274 688 3348 auctoritatem,
714 3277 798 3347 queis
820 3279 913 3338 utitur
936 3282 972 3342 ad
1013 3267 1199 3339 ῙίθᾶίἪῑΡΐθΐῑ8
1229 3266 1355 3340 accepit,
1387 3272 1439 3323 0¹0
1470 3264 1624 3322 Missalfflss
1650 3279 1676 3323 ti

119 3363 327 3424 confutandam
356 3363 486 3424 haerctici
514 3364 665 3439 cujusdam
691 3367 892 3441 pervicaciam,
921 3373 972 3449 qui
1013 3358 1144 3427 sacrificii
1159 3354 1335 3414 Oblssiifflliffl
1355 3354 1463 3428 passim
1477 3358 1676 3412 commemorat

119 3452 250 3514 iuturam
275 3452 517 3513 resurrectionem
541 3455 571 3513 in
590 3455 712 3515 dubium
733 3474 867 3519 revocare
883 3477 974 3522 ausus
1015 3442 1147 3518 requiem
1162 3442 1306 3502 defunctis
1328 3443 1538 3516 procurandam
1553 3441 1676 3499 ⁰⁰¹⁰bi³i

120 3542 225 3603 tuerat.
241 3540 308 3601 Alio
322 3541 353 3601 in
368 3543 429 3602 loco
443 3549 607 3603 sanctorum
624 3545 743 3604 Petrum
763 3549 973 3621 auctoritatem,
1016 3530 1091 3590 libi⁰
1105 3531 1140 3589 de
1155 3531 1490 3602 G¹0i1200ssfiii⁰l¹¹ffi2
1506 3533 1597 3605 capite
1611 3532 1665 3603 65,

121 3648 196 3709 quos
219 3637 284 3707 post
302 3632 444 3709 apostolos
462 3633 541 3693 Deus
559 3634 694 3693 Ecclesiae
717 3635 844 3711 reliquit,
865 3636 974 3712 laudat,
1016 3621 1063 3681 ⁸¹¹1
1078 3622 1170 3697 {iiiiii
1200 3621 1397 3696 inlilssffiliwl,
1423 3626 1569 3679 missorum
1592 3625 1676 3679 ⁵⁰ltm‘

121 3722 314 3799 nempelibro
329 3736 360 3795 v,
375 3724 524 3798 capitoli.
540 3724 672 3802 Denique
688 3728 758 3787 tanti
772 3727 902 3789 lecerunt
918 3747 978 3790 ma·
1015 3717 1082 3773 ruit.
1102 3713 1182 3772 Milli
1210 3723 1350 3788 prasente
1369 3729 1487 3787 corpore
1507 3712 1537 3770 11¹
1560 3712 1676 3771 ilesunc*

120 3814 199 3892 jures
224 3813 314 3874 nostri
340 3814 558 3889 disputationes,
594 3831 667 3890 quas
694 3816 851 3891 Gregorius
879 3826 976 3880 noster
1018 3805 1624 3880 iuiliMiiiffloelebiaiffldictiniustillim
1640 3811 1668 3863 tt

125 3905 266 3967 adversus
283 3904 434 3963 haereticos
449 3921 466 3962 a
482 3920 512 3963 sc
530 3904 643 3964 habitas
660 3907 774 3980 scriptis
792 3912 977 3970 commenda·
1019 3897 1100 3956 ⁰h0ii
1113 3896 1187 3954 Circi
1201 3894 1329 3953 defuncti
1352 3909 1456 3968 ⁰⁰ll)us
1475 3899 1541 3950 ῧῦῑθ
1557 3893 1677 3966 sellim?

126 3999 218 4065 verat,
231 4000 263 4053 ut
276 3993 318 4053 eis
332 3994 407 4053 inter
426 3992 494 4052 tidei
512 3993 628 4069 regulas
648 3993 744 4054 locum
763 3996 864 4055 carent
882 3998 914 4056 in
934 4014 979 4058 ec
1019 3985 1173 4063 ejusmodi,
1195 4000 1261 4053 due
1279 3984 1441 4057 terentibus
1456 3983 1564 4056 passim
1584 3997 1677 4041 ocean

125 4084 250 4157 ilicibus,
265 4084 317 4161 qui
333 4086 370 4145 ad
388 4084 567 4145 sacerdotum
586 4086 778 4145 eruditionem
796 4094 893 4161 postea
908 4104 979 4150 con·
1021 4091 1088 4137 rum
1102 4089 1170 4133 V⁰i⁰
1195 4071 1386 4147 reliquiarum
1408 4071 1634 4139 Vtsstraiiffllem.
1656 4069 1676 4129 it

126 4177 180 4238 diti
206 4178 334 4239 fuerunt.
362 4176 512 4253 Ejusmodi
539 4176 738 4237 collectionem
768 4178 911 4241 habemus
942 4199 980 4243 ex
1021 4160 1677 4237 sanctirum,iiiiii00i1¹ffllffl³gissiisss¹iiil¹

127 4266 224 4328 codice
251 4265 412 4327 Fossalensi
435 4275 564 4341 tempore
585 4265 680 4327 Caroli
703 4266 802 4343 Magni
828 4270 981 4331 concinna.
1021 4271 1088 4332 quae
1102 4255 1275 4314 recentiores
1291 4253 1431 4324 ltaerctici,
1453 4255 1516 4328 plus
1533 4253 1605 4310 sorte
1625 4250 1676 4311 vul

128 4362 199 4431 um,
216 4358 249 4417 in
267 4374 325 4434 qua
356 4359 547 4419 conciliorum
575 4359 736 4418 canonibus
762 4362 980 4434 praemittuntur
1020 4343 1677 4423 (iuifflssoe'ffiiffldOSfflalibuiiiiisstlessiebii

129 4448 295 4525 symbolum
329 4448 491 4519 athanasii,
516 4449 673 4523 Augustini
701 4449 886 4526 aliorumque
913 4444 1198 4516 fidpjppugnarunt,
1215 4436 1581 4511 10¹lil⁰b³ssii¹ltii¹ffl0fl1b
1597 4435 1674 4508 quod

129 4538 335 4608 contessiones,
356 4543 419 4596 tum
436 4537 636 4597 altercationes
655 4543 754 4598 contra
773 4540 924 4599 hereticos
943 4558 981 4600 ex
1022 4537 1070 4589 tur
1082 4530 1112 4588 51¹
1128 4528 1211 4588 libris
1229 4527 1438 4587 MlfflCUIOlllffl
1455 4528 1577 4601 lisinii·
1604 4526 1677 4599 lmap

128 4626 259 4704 Gregorii
281 4625 408 4687 Historia
426 4635 580 4703 excerptae.
599 4628 658 4687 Nec
676 4628 829 4689 immerito.
847 4630 889 4688 lta
902 4632 981 4690 enim
1021 4620 1097 4694 apud
1116 4619 1215 4678 lidelcs
1227 4618 1395 4677 asservandi
1410 4634 1518 4677 morem
1534 4634 1571 4675 ex
1587 4631 1677 4674 acriore

130 4719 199 4781 tidei
210 4723 317 4778 nostres
329 4715 475 4777 studiosus
490 4717 546 4777 luit
560 4717 727 4790 Gregorius,
742 4726 774 4778 ut
788 4718 900 4778 nnllam
919 4722 982 4794 ejus
1022 4725 1092 4786 pum
1106 4709 1277 4784 protessis-ie
1291 4708 1341 4778 ait,
1356 4710 1448 4781 iiiiii
1461 4707 1496 4766 ‘22
1520 4706 1586 4764 libii
1601 4719 1610 4763 1
1624 4705 1660 4763 (¹⁰

128 4807 347 4887 propugnandae
358 4809 536 4870 occasionem
548 4809 774 4882 praetermiserit.
786 4809 982 4871 Sanctissimae
1023 4808 1132 4875 tirum,
1148 4808 1179 4861 ut
1195 4816 1298 4875 ttetnpc
1314 4802 1388 4873 ejus,
1403 4800 1488 4872 cujus
1504 4798 1594 4869 legem
1611 4796 1642 4855 in
1658 4802 1677 4853 tr

130 4896 280 4957 Trinitatis
294 4899 474 4973 mysterium,
490 4911 737 4974 personarumque
752 4898 783 4955 in
797 4914 857 4958 una
878 4907 982 4959 natura
1023 4892 1157 4963 retinent,
1171 4891 1257 4949 etiam
1272 4891 1427 4963 itnlginem
1443 4890 1479 4947 ud
1494 4901 1677 4946 commumoni

129 4994 159 5047 et
175 4986 326 5047 divinitate
343 4987 495 5062 aequaliter
507 4987 726 5046 subsistentium
742 4988 892 5047 veritatem
906 5004 982 5063 saepe
1024 4982 1094 5042 tutis
1108 4984 1137 5041 in
1152 4981 1258 5041 tabulis
1274 4981 1441 5040 visibilibus
1452 4980 1555 5053 pictam
1572 4995 1623 5052 per
1636 4992 1677 5035 ccv

131 5078 249 5155 sepius,
264 5077 359 5137 allatis
370 5093 459 5137 sacrae
474 5076 632 5152 Scripturas
648 5077 830 5150 testimoniis,
844 5078 980 5140 demens·
1022 5086 1085 5130 mos
1094 5070 1213 5129 allisam
1222 5069 1533 5145 prmsentemlrabeant.
1548 5068 1583 5125 Et
1594 5065 1677 5140 quide

131 5171 229 5244 travit,
264 5169 505 5245 conllrmsvitque
544 5170 632 5229 variis
667 5168 828 5237 miraculis,
856 5184 923 5244 quae
951 5171 981 5229 in
1023 5161 1172 5220 occasione
1193 5159 1320 5233 loquitur
1348 5158 1474 5217 liulinus
1499 5156 1571 5215 libro
1593 5152 1677 5213 vnli

129 5260 207 5322 hanc
227 5275 289 5320 rem
309 5260 393 5331 tacta,
412 5266 462 5319 aut
484 5259 545 5332 ipse
566 5258 688 5329 viderat,
711 5263 762 5316 aut
786 5257 925 5317 didicerat
946 5259 983 5318 ub
1024 5253 1082 5328 pite
1100 5253 1140 5323 tl,
1150 5256 1272 5323 insignia
1285 5257 1403 5308 ceterum
1412 5253 1546 5307 reservari
1558 5248 1595 5304 cd
1602 5252 1677 5319 poste

128 5348 204 5411 aliie.
224 5349 420 5424 Chilpericum
439 5361 537 5421 regem
554 5346 606 5422 qui
626 5345 745 5407 sabellii
768 5362 879 5408 errores
898 5363 985 5407 rene
1024 5350 1113 5403 riant:
1128 5346 1239 5401 iliorum
1254 5346 1372 5412 bonoria
1388 5345 1482 5397 borram
1494 5357 1556 5396 acro
1571 5339 1672 5394 amoris

131 5457 202 5502 vare
216 5441 338 5513 volebat,
354 5442 393 5498 ita
406 5436 578 5510 conluuvit,
598 5436 730 5512 exposito
749 5437 895 5514 quodnam
909 5424 984 5496 'esset
1060 5438 1105 5497 til).
1121 5437 1263 5495 Gaeterum
1276 5433 1327 5491 etsi
1346 5432 1490 5506 praecipua
1506 5428 1635 5503 Gregorii
1652 5442 1678 5485 vn

131 5530 168 5591 dc
180 5544 372 5607 personarum
391 5526 574 5588 distinctione
588 5535 615 5587 et
631 5534 743 5587 naturas
760 5528 870 5588 unitate
884 5527 983 5587 calbo·
1024 5526 1137 5587 utilitas
1155 5523 1319 5585 collocanda
1336 5522 1372 5581 sit
1397 5522 1425 5580 in
1443 5520 1616 5580 addiscenda
1639 5516 1677 5575 Fr

131 5620 222 5683 licum
240 5622 355 5699 dogma,
375 5625 408 5681 ut
427 5634 491 5693 rex,
511 5620 577 5680 licet
596 5620 628 5681 in
642 5636 711 5681 cum
728 5619 875 5691 trendens,
896 5618 983 5679 silere
1023 5616 1074 5691 gni
1086 5621 1145 5675 um
1157 5612 1347 5674 ecclesiastica
1362 5628 1450 5687 quam
1463 5612 1583 5686 prolana
1596 5608 1678 5667 liistoi
