3736 6248
122 341 175 397 785
616 326 644 384 S.
665 322 825 383 cltesmml
846 320 993 379 Etlsttort
1013 316 1232 380 lettortcrtsm
1696 313 1761 372 ῃ.

123 469 155 511 ae
169 448 320 521 epimeduris
336 466 343 502 a
359 449 403 518 qui
419 462 479 502 cum
495 445 591 499 luisset
612 454 747 504 ostensus,
763 453 843 492 omne
857 451 889 490 au
921 432 1076 493 Altumeris
1095 431 1248 502 impositum
1264 437 1338 485 tauta
1351 426 1656 531 relocitrte'detnlitput
1671 442 1753 496 puta·

123 538 271 607 rrrntquasl
297 539 323 591 in
335 537 497 591 viriditatem
526 535 610 585 uisum
638 538 679 585 est
703 528 870 582 conuertisse
893 541 908 579 a
960 520 1267 589 roturmaqisillelerri
1285 517 1462 587 quamlerrc.
1479 519 1753 620 Srctuqurtoerqus-

125 627 323 696 'mqupfflpne
344 640 467 698 gemm,
493 627 526 678 qq
546 622 591 678 pte
604 622 747 687 accipisne,
771 627 798 671 ct
813 620 908 670 iterum
960 612 1021 664 daur
1036 611 1123 664 virtue
1138 609 1329 666 conrmendato
1343 608 1500 664 alimentum
1517 610 1640 677 pretulit,
1664 608 1754 663 dume

125 729 205 792 atque
224 721 319 774 iterum
340 718 439 787 gratias
465 729 556 784 agens,
581 721 609 767 ct
630 709 786 764 rollandum
809 715 910 760 matro-
962 701 1091 756 insecutio
1120 701 1271 754 Cltristiuna
1294 699 1428 755 discessit.
1455 700 1513 766 0¹¹⁰
1540 700 1681 755 sacerdote
1695 702 1752 754 mi·

126 827 199 874 tram,
214 809 241 863 iu
258 808 383 877 palatium
400 818 441 861 est
471 817 617 872 regressus.
640 800 717 857 Unde
730 813 782 852 non
804 806 846 851 cst
863 797 912 849 du·
961 789 1153 860 qruiueleltx
1178 789 1432 858 electusapopulo,
1461 789 1639 844 utcatlredrae
1663 791 1740 846 ecc'e

130 903 213 964 litim.
229 902 309 956 etiarn
326 901 352 955 in
369 900 418 953 ltac
431 915 461 953 rc
479 897 602 968 llartpris
626 894 704 962 liujus
726 891 912 948 iuter-cess'sse
963 883 1330 951 ⁸1lestipeltltlllelelllli
1351 882 1436 936 ¹¹⁰¹llil
1455 882 1626 950 θθίιῦῑθδθθῑθ
1644 900 1650 935 ²
1669 883 1739 949 0¹¹ll¹

128 993 264 1058 virtutem,
282 1007 315 1046 ne
329 1007 392 1059 opes
408 991 473 1045 locis
488 991 587 1043 sanctis
599 998 625 1042 et
637 985 795 1054 pourerilru
807 984 914 1049 delego·
966 980 1007 1026 l¹¹³
1021 983 1032 1011 ⁰
1047 974 1132 1044 838
1145 975 1264 1038 ὓθῐῐὶῑῦθι
1281 972 1422 1043 ΡΓθθὺιῚθῐ
1435 973 1576 1041 ⁰Pl⁵⁰⁰ll¹¹⁸
1599 973 1752 1033 or‘'5⁰³⁰st-

128 1095 174 1149 w,
191 1083 216 1138 j„
233 1082 304 1137 qtttqs
320 1078 758 1142 transumaturcontinuationem,
770 1073 847 1144 cujus
862 1087 915 1125 non
964 1065 1026 1121 0rta
1043 1067 1122 1134 igitur
1146 1067 1333 1134 persecutione
1361 1064 1572 1130 catholicorum,
1597 1082 1658 1121 curu
1677 1067 1752 1123 Felix

130 1175 234 1230 luerim
247 1174 335 1228 studio
350 1181 530 1243 congregate.

422 1281 535 1338 carel
553 1280 619 1336 ΕΝ.

274 1373 311 1429 De
325 1375 409 1429 Felice
425 1373 528 1428 Nolano
543 1372 637 1434 lusiqui
650 1381 772 1440 urnrtqre.
789 1363 792 1366 ’

166 1467 204 1522 lle
216 1475 229 1503 ι
243 1465 331 1521 Felice
354 1466 456 1520 Nolano
478 1473 593 1533 martyre
618 1462 680 1530 (Art.
695 1461 757 1523 ⁶269.
776 1459 809 1514 tl
828 1456 916 1526 lou),

129 1557 189 1627 qnia
205 1558 315 1612 historia
331 1556 461 1624 passionis
475 1569 527 1608 nou
543 1563 585 1607 est
599 1554 625 1605 iu
642 1563 776 1619 promptu,
799 1549 872 1618 juxta
890 1548 916 1602 id

130 1646 200 1713 quod
224 1646 318 1699 liranus
334 1645 460 1698 Paulinus
475 1657 553 1697 versu
568 1642 738 1710 conscripsit.
755 1655 835 1706 putica
857 1639 918 1694 truie

966 1158 1105 1228 preslryter
1119 1150 1145 1211 in
1160 1159 1245 1222 platea
1266 1157 1392 1225 populum
1422 1169 1557 1217 moueret.
1584 1176 1617 1213 uc
1639 1174 1654 1213 a
1678 1169 1755 1215 recto

967 1247 1061 1302 itinere
1073 1247 1202 1315 deviaret,
1215 1260 1371 1319 persecutor
1387 1249 1628 1314 inessentialem
1643 1248 1756 1317 lgrrotus

969 1336 1050 1391 l'elici
1074 1340 1239 1409 presbytero,
1268 1341 1398 1394 sollicltus
1423 1339 1479 1406 ipsc
1499 1351 1580 1407 crepat
1593 1356 1666 1406 esse,
1681 1342 1757 1410 quis·

968 1443 1028 1481 nam
1042 1436 1114 1483 esset
1139 1428 1224 1483 Felix.
1243 1430 1339 1483 llcetra
1352 1430 1396 1483 ille
1418 1431 1540 1494 innuens,
1558 1431 1617 1485 ait:
1639 1433 1713 1485 llanc
1729 1433 1757 1486 in

968 1525 1072 1588 perlem
1095 1519 1169 1573 aldit.
1186 1521 1245 1586 Quo
1269 1520 1434 1586 ditcrdcnle
1455 1521 1499 1574 tue
1522 1521 1650 1577 latebram
1667 1525 1757 1592 petiit,

969 1621 1052 1677 seque
1063 1608 1131 1662 inter
1146 1609 1260 1675 parietes
1284 1611 1388 1664 dirutos
1412 1626 1459 1679 per
1474 1613 1606 1667 modicum
1620 1613 1756 1685 ingres-ua

130 1734 238 1791 lectioni
266 1734 382 1788 omem
403 1734 533 1789 inserere·
559 1732 607 1786 nic
632 1733 703 1786 enim
728 1744 742 1783 a
763 1727 916 1794 Mamm,
970 1697 1757 1776 aditutuocculiruluit.Necmormpcrsectrtorlnsequi·

129 1823 264 1893 praedicte
289 1824 365 1878 uritis
387 1824 524 1894 pontifice,
539 1822 620 1893 837
635 1821 792 1894 presbyterii
815 1822 916 1875 trunore

130 1916 267 1984 praeditus,
294 1924 398 1983 quantae
414 1916 490 1969 ltrerit
515 1915 653 1983 sapientiae¹
691 1914 916 1981 eruditionisque,

133 2018 186 2059 neu
214 2003 597 2062 inconsequenterque·
623 2003 704 2057 etiam
722 2003 787 2071 ipsis
813 2016 919 2071 quoqne

134 2096 244 2165 paganis
256 2097 340 2149 occuli
357 2111 409 2149 non
425 2095 522 2164 potnit.
538 2096 604 2150 Com
621 2104 709 2148 autem
725 2094 916 2162 imperatorum

131 2189 237 2244 decreta
260 2187 427 2244 Clrristiauos
449 2189 552 2257 insequi
577 2189 776 2258 precepissent,
793 2187 921 2242 Maximus

133 2278 252 2348 poutllua
279 2279 333 2347 jam
365 2280 441 2332 senio
469 2288 660 2347 pregravatus,
687 2286 781 2347 putans
810 2294 840 2334 se
868 2293 920 2333 non

132 2383 211 2437 posse
234 2371 303 2424 lerre
318 2369 460 2438 supplicia,
476 2370 604 2424 silvarum
622 2370 707 2424 saltus
729 2368 822 2422 adivit.
847 2369 920 2434 Qttos

134 2460 198 2514 dum
216 2460 338 2539 tnrlrldus
352 2460 446 2514 deltae
463 2461 650 2525 persecutione
665 2470 794 2525 pererrat,
811 2458 921 2514 aliectus

133 2554 216 2622 lame,
231 2555 290 2625 gelu
308 2556 414 2610 attritus
433 2556 491 2610 solo
505 2557 608 2611 corruit
622 2556 779 2610 semivivus.
795 2555 829 2610 At
845 2555 920 2610 Felix

135 2645 274 2716 presbyter
288 2655 390 2715 captus,
404 2661 464 2701 curn
491 2647 572 2701 multa
597 2648 630 2701 tle
650 2647 762 2702 deorum
778 2648 920 2718 portentis,

135 2736 206 2804 quod
218 2736 282 2791 nilril
294 2736 401 2802 tuerint,
414 2738 587 2806 disputasset.
601 2739 736 2808 percursis
750 2740 918 2795 diuersurum

133 2826 325 2896 suppliciorum
347 2827 505 2896 generibus,
521 2828 624 2884 carceri
641 2828 812 2898 dijudicatur,
829 2831 855 2884 in
870 2845 922 2900 quo

130 2932 187 2972 non
204 2916 382 2972 mediocribus
397 2918 512 2973 uinculis
533 2920 674 2975 tenebatur
688 2921 825 2978 astrictus.
841 2921 924 2978 Nocte

134 3017 222 3062 utitem
238 3007 325 3063 media
341 3010 413 3064 uenit
432 3009 540 3065 adeum
554 3011 665 3079 augelus
681 3011 797 3077 domini,
815 3024 842 3068 et
855 3027 920 3068 cco·

136 3098 228 3154 lmctis
240 3101 353 3164 catenis,
367 3099 504 3170 scissaque
518 3101 594 3157 tralre
615 3115 666 3170 qna
688 3100 768 3168 pedes
782 3101 841 3171 ejus
854 3116 920 3158 con-

135 3190 201 3243 clusi
217 3199 302 3254 erant,
318 3191 354 3245 ait
370 3206 378 3247 :
394 3189 489 3263 Surge.
506 3199 533 3246 et
552 3205 666 3260 sequere
677 3205 728 3249 me.
747 3189 797 3259 Qul
811 3205 923 3263 surgens

135 3294 259 3350 egressus
282 3287 323 3335 est
338 3297 398 3336 curu
415 3297 448 3335 eu
471 3280 582 3352 ianuam
603 3280 742 3347 carceris:
759 3281 878 3352 dixitque
900 3284 924 3339 el

83 3438 88 3446 Β
137 3369 247 3439 ningulus
268 3370 370 3425 llomiut
387 3388 393 3425 :
409 3370 567 3426 conscende
584 3371 617 3426 ed
632 3378 768 3436 montana,
781 3379 809 3426 et
818 3374 926 3442 require

138 3460 305 3515 mcerduteu
328 3470 419 3525 tuum;
440 3461 630 3533 iuvencumque
644 3477 676 3518 ac
691 3459 868 3518 utocittatun
882 3478 927 3519 re·

139 3550 192 3606 doe
207 3551 239 3604 ad
255 3552 360 3617 mtrem,
376 3560 405 3607 et
422 3552 448 3607 in
464 3552 524 3607 lucc
538 3551 672 3607 absconde
686 3558 803 3619 secreto,
820 3568 854 3609 oe
869 3554 927 3609 ine·

47 3619 59 3643 ⁸
138 3643 181 3698 dia
201 3658 233 3697 ac
254 3645 343 3723 rigore
357 3644 495 3712 depereat,
510 3643 596 3698 donec
614 3642 719 3699 desinat
743 3646 893 3713 persecutio
912 3661 927 3700 a

136 3731 307 3787 christianis.
324 3735 441 3801 Accepto
462 3731 534 3787 Felix
550 3732 687 3799 mandato,
703 3734 789 3804 pergit
803 3750 856 3802 quo
876 3750 927 3790 ne·

136 3823 239 3880 sclelrat
256 3840 263 3878 ε
279 3824 337 3886 sed.
362 3823 521 3893 providente
547 3823 613 3890 lico,
637 3824 737 3892 reperit
757 3826 925 3881 sacerdotem

138 3919 198 3969 solo
211 3924 384 3983 prostratum.
397 3915 496 3970 clausis
510 3916 607 3978 oculis,
621 3916 776 3986 strictisque
789 3917 924 3989 dentibus,

137 4019 165 4059 tn
179 4019 232 4075 qno
243 4007 307 4060 uttril
323 4004 406 4070 aliud,
419 4021 497 4074 quam
509 4005 596 4061 tenuis
607 4006 741 4062 aulrelirus
755 4006 901 4078 inspirabat
919 4028 926 4065 :

87 4146 94 4158 ,
138 4096 362 4167 interpellatoque
389 4098 489 4153 nullum
518 4113 670 4155 sermonem
698 4101 784 4170 potuit
817 4102 928 4170 elicere,

138 4195 274 4257 tactoque,
289 4189 374 4242 scrisit
395 4190 454 4258 ejus
486 4188 604 4245 membra
616 4189 703 4247 ltleme
717 4192 811 4261 rigida,
828 4201 856 4248 et
867 4193 930 4248 abs·

139 4291 193 4347 que
216 4278 270 4333 ullu
298 4279 370 4334 uitali
396 4289 488 4349 tepore
518 4288 694 4349 praemortua.
721 4280 928 4359 duriusculem

139 4383 200 4424 runt
219 4369 321 4424 nullum
333 4369 489 4425 alimentum
500 4381 584 4438 esset,
598 4369 669 4440 quod
685 4371 849 4439 periclitanti
865 4387 928 4442 por·

138 4457 245 4528 rigeret,
262 4475 348 4529 neque
366 4475 419 4529 quo
434 4461 503 4529 iguis
519 4464 712 4516 accenderetur
727 4462 848 4529 liaberet,
864 4462 927 4518 dum

102 4537 104 4540 ’
138 4556 224 4604 staret
238 4551 378 4614 attonitus,
390 4550 464 4620 qnasi
476 4551 510 4604 de
520 4549 646 4607 aetltereis
657 4551 767 4607 sedibus
780 4553 925 4625 dilapsum,

138 4639 211 4708 qnod
225 4639 261 4694 ita
273 4649 341 4702 orat,
358 4657 456 4696 mouns
475 4643 673 4711 contemplatur
686 4645 845 4714 angelicum.
859 4647 928 4706 Ecce

139 4730 212 4784 cuim
226 4729 261 4785 de
275 4738 351 4784 seute
365 4745 423 4798 qun
439 4739 496 4785 crat
512 4732 646 4799 proxima,
660 4749 737 4788 uvam
750 4736 867 4804 pendere
882 4740 930 4795 ad-

140 4817 262 4885 miratur,
277 4818 310 4874 de
335 4832 386 4890 rpus
400 4821 491 4890 gratiis
508 4821 534 4875 iu
549 4837 580 4878 os
598 4823 763 4881 confessoris
781 4829 928 4898 expressis,

140 4911 276 4982 paulinum
306 4912 398 4968 senior
419 4912 595 4982 refocillatus,
617 4931 723 4973 erectus
748 4927 791 4974 est
817 4936 928 5000 =:quem

141 5080 267 5138 lectulum
286 5092 358 5150 patet
372 5099 403 5139 ea
419 5085 505 5141 Plinio
519 5085 565 5141 ltu.
578 5101 667 5141 axxrtt
678 5100 738 5150 cap.
755 5086 781 5152 5,
797 5087 841 5140 ulii
864 5086 932 5142 dici·

142 5162 187 5208 tur
198 5154 369 5224 gladiatorum
386 5171 484 5226 puquns
494 5158 777 5226 spectassesmoruqdo.
799 5157 870 5212 ldem
884 5161 931 5216 lta·

141 5223 187 5280 luet
207 5223 363 5277 llrrrltodcus
377 5225 422 5277 lib.
436 5225 470 5278 de
486 5226 577 5294 Lapid.
592 5234 660 5295 pret.
676 5240 735 5294 cap.
751 5225 795 5279 tit.

178 5301 191 5332 ⁸
205 5291 285 5348 [treet
298 5295 347 5345 ltoc
361 5294 480 5360 caputio
495 5294 571 5349 l'urllr.
587 5305 636 5349 ιιιι.
653 5296 743 5349 Sattcti
756 5295 853 5350 Felicis
867 5296 923 5350 lau·

141 5361 190 5418 des
205 5362 349 5419 celebravit
364 5363 392 5417 tt.
415 5363 539 5418 Paulinus
557 5365 719 5422 carminibus
733 5380 781 5420 scu
798 5367 925 5432 poeruatl·

142 5432 193 5489 bus
211 5431 253 5499 tlt,
269 5447 329 5501 quae
344 5449 396 5488 non
411 5435 495 5487 sctuel
518 5433 588 5488 edita
606 5446 667 5488 sunt
682 5453 688 5488 :
702 5434 749 5490 sed
770 5436 796 5488 in
821 5437 925 5491 duobus

142 5503 321 5572 pottissimum,
337 5505 362 5557 id
376 5502 446 5560 cell
462 5515 486 5557 et
502 5503 530 5568 5,
541 5520 584 5558 res
599 5507 754 5573 eitrsgestas
767 5515 925 5573 prosecutus

30 5613 38 5629 .
143 5574 329 5628 conlocemus
349 5573 523 5643 cstejusdem
551 5575 645 5628 mortis
675 5590 771 5629 auitos.
805 5574 924 5630 Ecclesia

146 5641 182 5694 alr
205 5643 301 5697 eodem
320 5653 414 5700 cuncto
441 5643 552 5698 Paulino
567 5643 641 5698 Nolae
665 5644 691 5697 in
718 5647 804 5700 sancti
830 5643 924 5703 Felicis

145 5705 274 5767 tenorem
297 5722 398 5770 structa
426 5713 558 5782 lrodiequc
588 5721 721 5781 superest.
761 5714 826 5770 llide
859 5718 924 5770 Aeta

937 1792 1025 1852 ntur,
1046 1790 1092 1843 sed
1111 1789 1182 1844 Deus
1195 1791 1401 1848 sollicitudinem
1418 1796 1564 1861 ‹qraerentis
1579 1797 1670 1851 elusit.
1686 1796 1753 1851 Naue

967 1880 1043 1949 jussu
1065 1882 1214 1939 llirinitatis
1228 1898 1331 1939 araneae
1349 1900 1396 1954 per
1422 1889 1522 1941 adttum
1538 1902 1590 1958 quo
1605 1891 1705 1959 llartyr
1720 1890 1758 1942 iu·

969 1986 1078 2041 gressus
1093 1975 1178 2029 luerat
1201 1976 1312 2030 telarum
1337 1977 1506 2046 praetendunt
1527 1980 1756 2037 enituissent

971 2078 1018 2130 per
1034 2063 1182 2134 vestigium·
1191 2079 1390 2134 persequentes,
1418 2068 1482 2123 dum
1510 2073 1595 2125 locum
1615 2072 1758 2140 explorare

971 2157 1101 2220 nituntur,
1117 2158 1226 2212 extudia
1251 2160 1310 2213 telae
1334 2160 1513 2229 conspiciunt,
1530 2163 1708 2232 dixeruntque
1723 2165 1757 2218 ad

971 2249 1129 2316 seurettpsos
1144 2266 1151 2302 :
1165 2249 1279 2304 Putasne
1302 2266 1348 2320 per
1364 2251 1421 2307 ltaec
1438 2253 1481 2306 llla
1492 2252 1571 2307 homo
1585 2255 1749 2324 pertransiit,

972 2353 1030 2408 quae
1052 2338 1150 2409 saepius
1175 2341 1291 2396 tenuitas
1307 2358 1456 2398 musceium
1475 2345 1606 2412 ernurpitl
1633 2346 1665 2400 Et
1682 2347 1755 2403 illusi

973 2431 1137 2500 prouidentia
1163 2433 1210 2488 llel
1229 2431 1420 2489 discesserunt.
1443 2435 1538 2491 Beatus
1562 2452 1667 2507 qnoque
1683 2438 1756 2494 Felix

972 2522 1032 2577 data
1045 2535 1133 2591 nocte,
1149 2525 1260 2580 secessit
1276 2527 1307 2581 ad
1323 2527 1402 2581 allum
1422 2527 1519 2592 locum,
1535 2528 1560 2582 in
1574 2543 1628 2599 quo
1642 2545 1690 2600 per
1701 2539 1757 2585 tres

974 2629 1079 2669 menses
1093 2630 1107 2670 a
1123 2618 1235 2672 muliere
1259 2619 1373 2689 quadam
1388 2621 1510 2676 ciborum
1525 2623 1651 2678 alimenta
1673 2625 1759 2681 susci·

974 2704 1059 2774 piens,
1076 2708 1135 2761 data
1151 2723 1227 2776 pace,
1253 2709 1374 2765 ecclesie
1390 2726 1446 2766 sue
1469 2726 1501 2766 ac
1512 2713 1609 2782 populu
1625 2722 1761 2769 mamura-

975 2805 1018 2850 tur
1035 2813 1042 2849 :
1059 2812 1194 2865 nunquam
1222 2810 1309 2856 tamen
1335 2802 1454 2857 mulieris
1468 2803 1642 2860 ministrantis
1664 2805 1760 2861 laciem

977 2886 1054 2952 uidit,
1069 2897 1114 2942 atat
1128 2888 1162 2942 alr
1175 2904 1204 2942 ra
1216 2896 1356 2960 suspectus
1370 2900 1422 2958 est,
1434 2892 1495 2947 dum
1511 2893 1538 2948 lu
1552 2895 1661 2949 latibulo
1672 2912 1762 2952 mora·

976 2985 1059 3030 retur.
1076 2977 1157 3048 lgitur
1174 2979 1201 3033 iu
1224 2982 1453 3052 pacequiescens‚
1479 2983 1599 3054 sepultus
1623 2989 1664 3042 'est
1685 2986 1762 3058 juxta

977 3068 1079 3133 urbem,
1096 3069 1185 3123 multis
1199 3083 1230 3125 se
1243 3070 1383 3127 declarans
1397 3072 1540 3129 uirtutibus
1552 3076 1578 3130 iu
1592 3077 1711 3146 populis,
1727 3077 1763 3134 ds

937 3151 960 3214 C
977 3158 1074 3226 quibus
1085 3173 1168 3228 pauca
1184 3161 1358 3232 perstringam
1370 3159 1395 3217 d.
1412 3163 1474 3218 Erat
1486 3164 1556 3218 enirn
1571 3167 1679 3235 quidam
1699 3184 1765 3234 pau·

978 3264 1026 3321 per
1048 3249 1149 3308 liabens
1174 3252 1241 3308 duos
1266 3254 1348 3309 bores
1373 3254 1406 3309 ad
1435 3257 1610 3313 exercendam
1631 3261 1764 3315 culturam

977 3356 1064 3410 suam,
1089 3357 1139 3399 nrc
1153 3345 1177 3398 ei
1200 3353 1259 3399 crat
1277 3345 1329 3400 alia
1346 3349 1491 3415 possessio,
1507 3352 1558 3404 nisi
1575 3352 1646 3418 quiid
1667 3352 1704 3408 ab
1722 3352 1764 3408 his

979 3433 1109 3500 potuisset
1129 3435 1251 3491 tellurem
1273 3437 1401 3494 scindens
1414 3454 1524 3495 vomere
1536 3441 1668 3497 laborare.
1684 3442 1764 3499 Acci·

979 3522 1018 3580 dit
1031 3533 1120 3581 attlttm
1132 3535 1161 3581 ιιι
1171 3527 1215 3582 die
1223 3529 1338 3599 quadam
1349 3529 1435 3584 lassus
1445 3530 1479 3585 de
1491 3529 1542 3586 lucc
1552 3534 1762 3601 oecumenicos,

979 3615 1021 3672 lrit
1033 3616 1150 3675 dimissis
1163 3633 1193 3676 se
1209 3618 1353 3689 hospitiolo
1368 3623 1538 3680 reconderet.
1554 3624 1608 3681 llec
1621 3641 1708 3694 mora,
1725 3626 1770 3681 tur

979 3724 1059 3777 rapax
1073 3711 1168 3775 adluit,
1189 3712 1235 3781 qui
1251 3727 1299 3767 eos
1318 3714 1386 3768 clam
1398 3714 1507 3783 capiens
1521 3730 1612 3770 secnrn
1631 3718 1766 3776 aticum:
1843 3745 1847 3755 ·

979 3814 1154 3869 egressusque
1166 3805 1302 3872 pauperia
1315 3805 1445 3870 crastino,
1458 3807 1523 3862 nituit
1536 3808 1649 3864 inuenit.
1664 3811 1769 3867 Deinde

978 3892 1075 3961 querit
1102 3892 1252 3962 perderis,
1276 3895 1370 3950 circuit
1395 3897 1486 3964 silvas,
1514 3898 1619 3954 scandit
1634 3903 1769 3958 montium

979 3982 1073 4049 ardua,
1088 3984 1135 4039 scd
1151 3999 1200 4040 nec
1221 3988 1360 4058 vestigium
1380 3989 1487 4057 quidem
1504 3989 1706 4058 deprehendere
1720 4009 1770 4064 pe·

981 4082 1044 4129 test.
1062 4074 1139 4130 lledit
1152 4075 1185 4130 ad
1199 4080 1317 4147 propria,
1333 4077 1378 4133 dat
1396 4093 1476 4136 toccs
1489 4081 1514 4134 iu
1527 4081 1600 4147 tetur,
1613 4093 1694 4154 atquc
1706 4099 1767 4140 cum

981 4181 1110 4222 reuersae
1124 4169 1216 4225 literis
1230 4174 1343 4243 plangit,
1367 4174 1460 4231 dicens
1475 4193 1483 4230 ε
1501 4177 1545 4232 Vae
1560 4177 1635 4244 milri,
1652 4181 1714 4250 quia
1724 4180 1770 4252 ju·

981 4259 1071 4313 reneis
1098 4259 1209 4315 delectis
1223 4260 1326 4328 tuom..
1349 4263 1525 4338 delraudatis)
1545 4267 1595 4322 lroc
1608 4283 1681 4325 anuo
1700 4270 1771 4328 lamo

981 4351 1142 4408 moriemini.
1159 4353 1226 4420 Quid
1251 4356 1346 4424 plural
1371 4357 1483 4414 Accedit
1509 4360 1660 4416 lamentans
1676 4363 1710 4418 ad
1725 4379 1770 4420 se-

983 4443 1102 4510 pulcrum
1117 4443 1187 4499 beati
1200 4444 1297 4502 Felicis
1311 4451 1451 4521 martyris,
1467 4450 1513 4506 dat
1527 4466 1586 4506 curn
1602 4452 1665 4509 lletu
1680 4456 1768 4526 gemi-

945 4519 968 4580 ὓ
985 4543 1052 4601 tum,
1076 4547 1168 4591 exorat
1184 4539 1250 4593 utel
1269 4544 1352 4597 virtus
1366 4533 1496 4614 eius'qute
1512 4546 1666 4616 perdiderat
1685 4551 1761 4606 rlldl

982 4624 1114 4680 obtineret
1128 4640 1142 4679 a
1158 4625 1281 4682 Domino.
1300 4628 1428 4700 Egressus
1438 4645 1527 4688 autem
1538 4650 1554 4690 a
1566 4637 1772 4712 mmmmm

982 4725 1046 4773 aule
1061 4718 1146 4787 ipsam
1162 4721 1222 4775 atrii
1234 4720 1342 4790 januam
1354 4726 1475 4795 aquiescit
1490 4727 1571 4784 boves
1583 4744 1656 4796 artos,
1669 4741 1698 4787 et
1710 4734 1749 4788 ait
1761 4750 1769 4789 a

981 4807 1118 4880 Omaqna
1132 4811 1216 4865 virtus
1232 4812 1364 4885 Martyris,
1388 4831 1448 4887 quae
1473 4818 1536 4872 milti
1558 4820 1692 4889 perditum
1714 4832 1770 4880 lam

980 4903 1106 4959 uelociter
1118 4905 1221 4961 restitui
1235 4903 1313 4962 lecitl
1327 4907 1518 4982 inpressusquc
1527 4913 1636 4982 iterum,
1646 4925 1772 4986 proster-

981 5096 1069 5211 'imi
1083 5085 1205 5151 sincera,
1229 5102 1290 5159 pag.
1318 5088 1383 5154 255,
1407 5097 1434 5144 et
1455 5090 1593 5158 Brulland„
1609 5093 1654 5149 die
1671 5093 1704 5149 ll
1725 5094 1774 5151 la-

980 5225 1280 5381 ..tszttttttut
1293 5229 1775 5384 ttulitutteultae

979 5366 1049 5422 dtel
1065 5367 1215 5423 Februaru.
1232 5372 1270 5423 tld
1286 5385 1364 5437 quem
1376 5373 1448 5426 diem
1464 5373 1524 5425 ride
1536 5375 1737 5432 ltottauduuos.

1015 5447 1027 5476 ⁸
1048 5438 1124 5493 llutrc
1143 5442 1226 5494 nucu
1251 5440 1330 5494 titulo
1347 5441 1430 5496 duum
1455 5441 1582 5512 Ugltellus
1607 5447 1633 5498 in
1647 5447 1776 5517 catalogo

978 5508 1165 5577 episcoporum
1179 5508 1354 5565 Nolanorum.

1013 5576 1158 5649 llleliqua
1181 5581 1260 5650 liujus
1289 5583 1384 5651 capitis
1409 5583 1568 5637 omittuntur
1589 5584 1616 5638 in
1641 5584 1716 5642 (ll-ar.
1743 5586 1776 5657 lt,

979 5648 1144 5720 proindeque
1157 5649 1218 5705 data
1233 5666 1325 5722 opera,
1340 5661 1366 5708 et
1379 5652 1528 5724 interrupto
1543 5670 1633 5711 seusus
