3736 6248
119 383 170 445 aas
583 377 745 443 bistonii
765 368 988 438 neunuunbii.
1010 372 1111 436 uineta
1129 377 1290 447 quintus.
1699 367 1752 436 arn

118 515 151 559 su
163 508 333 572 pematortiin
347 512 481 567 meorum,
499 509 528 557 ut
539 501 640 573 absque
654 500 748 556 liberis
761 507 775 536 ⁸
791 512 912 554 remane·
926 503 950 560 Α
964 510 1037 558 cere,
1052 495 1102 549 nisi
1117 505 1144 549 ct
1158 510 1208 565 ego
1221 509 1267 549 nos
1280 493 1360 549 simili
1374 501 1448 551 sorte
1464 501 1675 551 remunerarem.
1698 497 1753 553 llo-

13 578 29 641 ἰ
119 608 178 648 rein
192 606 202 648 t
217 600 245 648 et
260 590 320 647 ideo
334 600 406 661 peto,
421 592 603 662 utbicucpos
618 605 693 647 mens
707 587 818 644 miliisit
832 588 912 643 lilius.
964 585 1076 640 cedente
1094 599 1157 638 tero
1173 599 1237 652 rege
1256 584 1289 639 ad
1307 593 1433 639 metatum
1449 593 1563 652 ‘suunt
1580 601 1629 642 nos
1648 587 1753 644 adlecti

121 682 155 739 bt
166 684 308 767 imponens
320 697 381 738 enin
396 698 476 752 snper
487 684 642 739 cathedram
657 692 877 746 suam,cunctum
887 681 912 735 ei
965 673 992 728 iii
1007 691 1088 730 unum
1107 675 1265 729 sedebamus
1285 674 1312 728 iri
1331 676 1478 731 secretario
1491 675 1608 733 basilice
1623 679 1692 735 boati
1705 680 1753 736 ιιι-

120 789 231 846 [quum
248 773 367 836 tradidit,
386 774 480 830 (licens
496 792 503 829 g
520 773 578 831 Una
602 789 651 829 nos
670 788 760 842 parma
782 780 914 842 protegat,
966 767 1009 821 tri.
1033 765 1321 838 Ciittstlbllianlibttsqtt'e
1336 767 1426 834 nobis,
1442 770 1530 824 subito
1544 771 1756 830 aduenitlirtins

121 880 228 936 unaque
251 864 325 920 pagis
348 865 486 922 gerenda,
510 864 587 935 Quod
606 867 630 920 gt
653 865 723 919 titios
738 864 867 929 tenuero,
890 870 916 917 te
965 856 1171 912 archidiaconus
1181 855 1321 912 Parisiaeie
1333 858 1469 925 Ecclesiae,
1480 860 1654 931 minimisque
1664 864 1754 927 nobis,

120 959 296 1014 nihilominug
312 969 438 1028 tanquam
459 974 541 1013 unum
560 972 593 1013 0¹
614 957 656 1011 hig
671 956 811 1026 reputabo,
830 966 858 1010 ul
874 955 916 1010 illa
965 947 1003 1000 hil
1017 965 1024 1000 ἔ
1037 947 1134 1003 Auillio
1147 963 1199 1014 {leg
1215 962 1232 1003 0
1249 947 1405 1004 sacerdodos
1418 949 1536 1015 Decumi,
1558 951 1602 1022 qlll
1624 953 1650 1009 lu
1672 969 1754 1010 littillll

119 1064 182 1104 eum
195 1051 247 1115 eis,
260 1046 402 1118 tecumque
422 1055 577 1117 permaneat
595 1047 722 1113 charitas,
736 1047 817 1117 222
837 1059 917 1114 qnam
967 1039 1072 1092 collecti
1103 1039 1179 1093 estis.
1211 1038 1265 1094 but
1295 1040 1367 1094 ciiiiu
1396 1041 1447 1097 hoc
1466 1054 1587 1111 tempore
1606 1047 1759 1104 exaltabitis

122 1141 171 1194 tibi
194 1139 274 1194 horlie
297 1152 348 1209 ego
370 1137 509 1208 polliceor,
534 1147 603 1194 teste
622 1134 837 1196 heolnoeares
853 1148 918 1190 iero
968 1142 1066 1185 nomn
1099 1141 1237 1193 restrum,
1268 1138 1296 1183 et
1318 1131 1398 1186 bone
1427 1132 1504 1187 lamae
1528 1136 1612 1201 gratis
1643 1137 1759 1209 relnlge·

120 1228 287 1285 childeberti
311 1228 434 1283 similiter
463 1243 512 1297 pro
534 1227 629 1283 eodem
651 1226 761 1296 polliciti
786 1233 858 1279 sunt.
886 1224 919 1279 Et
969 1218 1050 1285 bitin
1071 1230 1117 1275 aut
1130 1219 1365 1276 certenullusios
1379 1222 1476 1277 amodo
1491 1223 1595 1292 prollei
1611 1225 1758 1282 sacerdoti-

122 1321 317 1375 manducantes
342 1318 423 1374 simul
449 1327 529 1387 atque
555 1317 697 1384 bibentes,
724 1317 865 1385 dignisque
888 1328 920 1370 se
969 1309 1019 1364 bus
1051 1318 1094 1366 est
1118 1310 1274 1380 habiturus,
1301 1312 1325 1367 si
1352 1325 1478 1380 personas
1502 1325 1605 1371 restrae
1630 1318 1760 1389 sagaciter

124 1411 283 1465 muneribus
306 1410 481 1474 honorantes,
505 1406 610 1477 pacifici
630 1409 821 1463 discesserunt.
845 1405 920 1460 Tunc
969 1415 1022 1454 non
1041 1401 1154 1473 erigitis,
1176 1414 1221 1457 aut
1243 1403 1351 1459 iratrem
1369 1405 1457 1474 perire
1472 1406 1635 1474 permittitis.
1653 1410 1760 1466 llmeeo

122 1501 158 1555 ad
172 1499 351 1568 Cliilperieum
366 1514 458 1569 regem
474 1499 633 1568 legationem
656 1499 800 1558 mittentes.
817 1508 847 1552 ut
859 1497 919 1552 ied-
969 1488 1086 1557 dicente,
1104 1492 1193 1547 nnllus
1207 1491 1377 1551 embolin
1395 1496 1420 1550 ei
1440 1496 1584 1565 quidquam
1607 1499 1760 1568 respondit·

126 1593 204 1647 deret
217 1589 288 1660 quod
301 1590 335 1646 de
348 1604 441 1644 eorum
465 1605 546 1658 regno
561 1590 694 1643 minuerat
717 1606 724 1641 :
747 1587 818 1658 quod
833 1586 855 1641 si
869 1586 921 1641 dii·
970 1578 1101 1635 timebant
1115 1582 1186 1636 enim
1203 1584 1302 1655 regine
1321 1585 1448 1652 lusorem,
1468 1588 1548 1656 cujus
1563 1589 1688 1645 instinctu
1701 1592 1761 1646 baie

125 1682 221 1746 terret,
235 1693 358 1747 campum
373 1684 538 1749 prepararet
551 1678 585 1730 ad
601 1676 710 1730 bellum.
726 1674 802 1741 Quod
816 1673 863 1729 ille
873 1673 922 1729 de·
970 1668 1128 1739 agebantur.
1141 1666 1243 1739 Quibus
1255 1672 1375 1740 intentis,
1388 1685 1417 1730 et
1428 1692 1474 1730 ora
1487 1677 1571 1747 digito
1584 1682 1761 1749 comprimes·

123 1770 254 1840 spiciens,
276 1766 347 1836 apud
362 1766 519 1822 suessionas
533 1777 613 1835 atque
629 1764 746 1820 Parisios
756 1763 843 1839 circos
856 1760 921 1818 aedi-
972 1759 1052 1828 tibiis,
1076 1777 1126 1832 ego
1148 1762 1193 1818 alo
1207 1780 1214 1819 ε
1226 1766 1327 1821 Atteoti
1351 1777 1448 1835 esiote,
1467 1784 1569 1839 qiirese,
1589 1773 1760 1828 sermonibus

128 1852 214 1916 beare
236 1857 374 1930 praecepit,
398 1871 499 1928 eosque
519 1855 627 1927 populis
646 1854 828 1926 spectaculum
851 1867 921 1924 prie-
934 1876 958 1936 B
973 1851 1075 1919 meis,o
1086 1852 1246 1909 sanctissimi
1259 1857 1410 1913 sacerdotes
1422 1858 1478 1925 liei,
1493 1869 1521 1914 et
1535 1862 1683 1929 praesertim
1701 1878 1758 1926 ron.

125 1950 194 2008 qm„
209 1943 236 2004 s,
970 1955 1016 2011 qut
1040 1942 1227 2002 laniiliariores
1249 1961 1310 2003 esse
1333 1949 1388 2018 regi
1414 1950 1565 2006 videmini:
1591 1953 1717 2012 adhibete
1734 1958 1760 2013 ci

163 2035 235 2100 xlx.
256 2041 304 2098 llis
327 2041 365 2097 ita
387 2039 486 2111 gestis.
508 2039 621 2094 audieris
638 2026 825 2109 chilpericus,
848 2034 920 2106 quod
970 2032 1243 2090 curisiliumsanctum
1257 2040 1526 2110 atquesaerdntale,
1539 2045 1762 2103 neesardesnits
1787 2090 1791 2098 .

125 2133 304 2191 erassum
316 2132 541 2204 liothomagensis
556 2131 698 2202 episeopus
712 2140 806 2186 contra
820 2129 920 2184 utilita·
971 2121 997 2177 in
1022 2125 1172 2181 ministrnm
1189 2126 1247 2195 hei,
1263 2139 1357 2199 pereat
1378 2130 1413 2187 ab
1437 2129 1475 2186 ira
1498 2134 1572 2203 ejus,
1598 2142 1627 2191 et
1649 2147 1760 2207 regnum

125 2225 181 2279 testi
194 2238 270 2280 suain
285 2223 390 2293 populis
404 2237 514 2277 munera
527 2221 615 2288 daret,
630 2220 738 2277 eumad
753 2235 783 2276 se
796 2220 920 2276 arcessiri
971 2214 1075 2284 perdar,
1090 2225 1118 2270 et
1129 2215 1253 2286 gloriam.
1269 2218 1333 2274 liae
1345 2233 1389 2276 me
1399 2221 1513 2286 dicente,
1522 2208 1643 2280 ¹silebant
1655 2240 1761 2286 omues.

127 2315 267 2385 pracepit.
299 2313 358 2383 Quo
385 2314 508 2370 discusso
523 2322 547 2380 ⁸,
563 2313 662 2382 reperit
681 2324 742 2368 cum
761 2311 858 2368 eodem
876 2326 921 2368 res
970 2304 1335 2382 lllisrerosilentibusadjeei
1348 2327 1356 2367 r
1371 2313 1761 2380 Mementotedornniineira-

128 2397 311 2462 brunichildis
325 2406 424 2473 regine
437 2405 658 2460 commendatas:
681 2403 799 2475 ipsisque
812 2404 919 2472 ablatis,
971 2399 1104 2468 cerdotes,
1120 2403 1194 2458 verbi
1209 2403 1355 2473 prophetici
1369 2405 1439 2475 qnod
1454 2405 1493 2462 alt
1507 2423 1515 2462 a
1527 2408 1559 2464 Si
1570 2402 1661 2467 ridsmt
1673 2429 1762 2482 specii-

130 2511 196 2552 cam
208 2497 234 2552 in
247 2496 344 2554 exsilio
356 2511 441 2568 usque
452 2501 485 2551 ad
494 2494 687 2551 sacerdotalem
701 2495 864 2551 audientiam
878 2511 922 2552 re-
973 2492 1041 2547 later
1052 2493 1211 2564 iniquitatem
1225 2494 1345 2561 hortinis.
1357 2505 1380 2551 et
1395 2512 1446 2551 non
1462 2497 1565 2565 ditarit,
1575 2515 1634 2556 ress
1647 2503 1695 2557 erit
1707 2505 1763 2558 siti·

130 2588 212 2645 beeri
227 2588 365 2658 prasi-epit.
378 2586 529 2658 conjuncto
542 2595 632 2642 antem
642 2585 773 2663 Concilio,
788 2585 922 2642 exhibitus
973 2593 1020 2635 ttoe
1032 2584 1161 2653 pereuntis
1178 2583 1285 2656 (Euri.
1298 2600 1391 2652 mitt.
1408 2586 1456 2660 hl·⁴
1471 2588 1543 2660 bigo
1564 2592 1649 2647 nolite
1672 2592 1763 2662 silere,

127 2688 183 2738 est.
210 2680 294 2737 Eraot
318 2689 406 2735 antem
430 2679 549 2749 episcopi
569 2674 644 2748 iqui
667 2679 831 2733 advenerant
852 2677 921 2748 apud
973 2673 1020 2726 sed
1044 2671 1198 2742 predicate,
1220 2683 1248 2730 et
1269 2676 1359 2744 ponite
1381 2673 1553 2736 anta'oculos
1574 2683 1644 2754 regis
1658 2690 1764 2752 peccata

126 2768 261 2835 Parisios,
284 2769 313 2823 iii
335 2766 444 2824 basilica
463 2767 549 2823 macti
569 2767 647 2830 Petri
662 2761 789 2835 apostoli.
812 2767 859 2821 Cui
875 2779 923 2822 rei
973 2761 1042 2830 ejus,
1059 2777 1093 2820 ne
1108 2763 1177 2820 torte
1191 2764 1217 2820 ei
1228 2764 1329 2835 aliquid
1341 2767 1404 2823 mali
1418 2768 1564 2838 contingat,
1577 2782 1604 2828 ei
1617 2787 1665 2828 ros
1679 2773 1717 2829 rei
1729 2775 1760 2830 sl

126 2860 167 2916 ait
182 2877 190 2913 a
205 2858 275 2927 Quid
289 2857 340 2916 tihi
361 2860 446 2916 nisum
462 2867 514 2924 est,
538 2873 556 2913 o
579 2858 715 2928 episcope,
735 2869 764 2912 ut
787 2855 923 2912 inimicum
978 2854 1012 2909 tis
1027 2870 1075 2924 pro
1090 2856 1261 2926 salmasius.
1283 2855 1324 2913 ho
1347 2859 1478 2929 ignoratis
1496 2862 1559 2932 quid
1581 2878 1649 2919 noio
1661 2874 1765 2934 gestum

127 2965 220 3007 uieuni
236 2950 435 3018 llerorechum,
456 2949 504 3019 qui
526 2947 597 3003 lilius
618 2963 678 3004 esse
702 2948 841 3016 debuerat,
863 2961 925 3002 cum
976 2945 1057 3003 luerit
1071 2947 1210 3018 tempore?
1224 2949 1359 3017 quomodo
1372 2955 1568 3022 apprehensum
1581 2954 1766 3024 sigimundum

127 3045 212 3099 amita
228 3058 292 3111 sita,
309 3043 336 3100 id
348 3054 391 3100 est
402 3042 489 3113 patrui
500 3043 541 3097 sui
557 3054 656 3108 uxore,
669 3041 750 3111 conio
763 3036 868 3113 -geresi
883 3043 923 3096 An
975 3035 1162 3094 chlodomeris
1183 3042 1292 3099 retrusit
1315 3041 1342 3097 iit
1356 3044 1513 3098 carcerem?
1526 3043 1645 3116 dirimire
1665 3047 1690 3103 ei
1705 3049 1766 3103 brt·

128 3127 240 3205 ignarus
260 3121 332 3201 eras,
355 3149 415 3206 qna
436 3149 485 3204 pro
505 3133 555 3188 hac
575 3142 656 3188 caiisa
672 3134 808 3188 Canonium
826 3141 925 3190 statuta
976 3137 1021 3184 tus
1037 3125 1047 3166 ¹
1062 3128 1108 3184 [lei
1121 3129 1247 3185 sacerdos
1262 3147 1269 3183 :
1286 3127 1326 3187 lie
1349 3130 1452 3201 injicias
1476 3147 1586 3188 marium
1603 3137 1630 3189 iii
1647 3151 1721 3201 curti,
1739 3147 1767 3194 et

129 3224 301 3282 sanxissent?
313 3224 401 3281 Etiam
413 3240 466 3281 non
479 3224 522 3281 hic
533 3227 620 3280 solum
633 3227 781 3282 excessisse
792 3224 923 3295 probaris,
939 3243 962 3307 c
977 3237 1038 3278 cuin
1050 3219 1229 3291 Burgundiam
1246 3222 1367 3292 petieris,
1380 3222 1461 3295 m
1474 3226 1613 3280 victoriam
1623 3225 1767 3285 obtinebis.

130 3315 181 3374 sed
203 3318 285 3373 etiam
304 3333 365 3372 cum
387 3312 435 3372 illo
453 3316 541 3388 egisti,
556 3317 627 3373 datis
647 3318 813 3383 muneribus,
832 3328 862 3374 ut
874 3331 924 3390 ego
976 3312 1023 3368 llle
1038 3328 1102 3368 uero
1116 3312 1236 3369 abnuens
1250 3327 1311 3384 quaa
1324 3313 1350 3369 ei
1371 3329 1387 3369 a
1407 3317 1547 3371 sacerdote
1566 3316 1636 3371 dlcta
1651 3316 1767 3387 inerant,

130 3404 314 3465 interficerer.
336 3397 447 3464 ilostem
472 3417 561 3464 autem
577 3407 659 3463 lilium
674 3409 743 3477 patri
768 3408 864 3476 iecisti,
880 3422 926 3465 se-
975 3406 1050 3471 abiit,
1065 3407 1204 3477 ipsumque
1217 3421 1277 3461 cum
1295 3420 1379 3461 uxore
1392 3415 1421 3463 et
1433 3406 1494 3461 illlis
1515 3408 1665 3473 isteiein:t;
1681 3408 1791 3483 petiisse,

131 3498 236 3556 duiisli
250 3500 362 3570 pecunia
377 3492 495 3571 plebem,
518 3499 767 3555 utnuilusmccnm
782 3500 862 3557 tidem
877 3502 926 3557 ba·
976 3488 1322 3570 quelturguudiam,iblqne
1336 3501 1669 3571 oppressusabexereitu‚
1684 3503 1768 3561 latn-
1842 3491 1846 3502 ’

130 3593 218 3652 tien
231 3593 394 3663 cu-tndireu
412 3595 572 3664 voluistique
590 3608 702 3665 reguum
720 3607 810 3649 meum
827 3593 854 3648 iii
868 3609 928 3649 ma·-
976 3602 1082 3660 emptus
1109 3589 1385 3659 ostentamentis
1406 3593 1569 3663 impetitori
1594 3594 1688 3652 Notius
1704 3609 1765 3652 etis

133 3696 199 3741 aian
222 3687 332 3742 atterius
359 3686 475 3742 tradere.
503 3686 567 3742 lluc
591 3700 625 3742 eo
650 3684 767 3754 dicente,
791 3684 929 3742 iniremoit
978 3681 1082 3738 beatum
1094 3681 1442 3754 llaitinumseompulissei
1453 3686 1652 3742 communicare
1661 3685 1767 3743 cuidant

133 3776 280 3833 multitudo
294 3776 470 3844 Francorum,
483 3777 622 3848 nolintque
636 3777 836 3832 ostiibisttica
855 3791 930 3833 rutis·
978 3773 1119 3832 homicidaa
1142 3775 1285 3847 episcopo,
1309 3787 1337 3833 et
1360 3779 1422 3844 ille,
1446 3792 1499 3849 quo
1522 3779 1628 3836 lucilius
1648 3780 1770 3837 addictos

133 3880 210 3941 pere,
221 3866 299 3940 quasi
312 3876 340 3922 ut
353 3875 505 3927 extractum
520 3866 688 3924 sacerdotem
703 3866 837 3936 lapidibus
852 3882 931 3937 urge-
980 3868 1060 3922 morti
1075 3867 1213 3935 liberaret,
1225 3870 1280 3937 regi
1295 3868 1377 3938 impio
1390 3871 1582 3935 miisensisset,
1594 3882 1773 3942 prosequente

133 3964 177 4014 litt
197 3957 270 4013 ised
291 3972 338 4012 rea
360 3956 496 4027 probibuit
516 3955 584 4013 heri.
610 3954 730 4027 Cumque
754 3955 931 4013 Praetextatus
980 3959 1061 4029 lingis
1075 3959 1169 4015 aeterni
1183 3959 1295 4031 judicie,
1312 3962 1347 4016 ab
1362 3960 1475 4028 imperio
1488 3961 1616 4030 depulsus
1630 3960 1772 4026 blaudinus,

134 4047 280 4118 episeopus
313 4062 343 4103 ea
375 4064 436 4119 quae
467 4064 516 4104 rex
549 4048 669 4113 dixerat,
701 4045 771 4103 lacta
805 4058 930 4117 negaret,
981 4056 1068 4104 morte
1091 4049 1205 4117 pessima
1229 4050 1424 4106 condemnatus
1439 4050 1497 4104 esti
1521 4050 1583 4104 llaec
1598 4049 1774 4114 mediamna,

133 4134 217 4215 m
231 4142 401 4198 aduerterunt
418 4139 480 4196 lalsi
503 4150 597 4207 testes,
613 4141 658 4211 qui
676 4141 854 4197 ostendebant
871 4155 933 4211 spe·
983 4155 1036 4196 non
1052 4139 1186 4210 respondit
1204 4141 1273 4196 ulln-¹
1287 4142 1440 4212 quidquam,
1456 4140 1503 4195 scd
1524 4149 1600 4195 erant
1623 4153 1720 4195 oiiiries
1731 4137 1760 4194 in

134 4235 192 4289 cies
213 4232 329 4304 aliquas,
344 4233 466 4289 dicentes
481 4250 488 4288 ε
505 4234 568 4290 ilaec
581 4245 609 4290 et
622 4235 680 4288 haee
694 4233 771 4289 nobis
785 4233 893 4301 dedisti,
906 4242 934 4288 nt
984 4233 1049 4287 tenti
1070 4240 1098 4285 et
1117 4239 1267 4301 stupentes.
1292 4232 1349 4286 lluo
1369 4241 1459 4286 tamen
1482 4230 1680 4286 adulatoresex
1697 4229 1776 4298 lpsis,

135 4320 298 4380 llerorechu
312 4317 392 4379 iidem
409 4326 567 4394 promittere
579 4325 749 4381 deberemus.
765 4325 805 4380 Ad
820 4324 877 4380 liae
891 4324 935 4380 ille
984 4324 1055 4395 qnod
1076 4324 1109 4379 de
1130 4325 1263 4392 episcopis
1282 4322 1334 4380 dici
1355 4323 1498 4380 dolendum
1519 4330 1571 4388 est,
1588 4323 1778 4377 nnmtmsmni

135 4404 246 4471 dicebat
264 4430 274 4469 a
295 4413 393 4470 lerum
407 4415 481 4470 euim
499 4413 598 4478 dicitis,
614 4429 663 4469 ros
677 4429 692 4469 a
708 4431 751 4471 me
763 4416 864 4485 saeptus
877 4431 937 4470 iiiu-
987 4417 1042 4488 regi
1056 4418 1187 4483 dicentes,
1200 4420 1262 4487 qnia
1274 4419 1376 4473 nullum
1386 4417 1516 4486 maiorem
1531 4416 1668 4473 inimicum
1683 4416 1710 4472 in
1720 4414 1777 4471 suis

136 4513 259 4568 neratm.
277 4503 326 4560 sed
348 4519 401 4560 non
418 4503 475 4560 hac
494 4519 576 4560 cansa
591 4505 704 4568 exstitit,
719 4515 748 4560 ut
762 4520 809 4561 res
824 4505 937 4577 ejicere-
988 4510 1077 4563 causis
1090 4524 1170 4578 quam
1185 4524 1228 4565 me
1243 4509 1364 4565 balteret.
1380 4507 1456 4565 lllico
1470 4521 1580 4565 unuaex
1592 4507 1687 4564 aulicis
1699 4521 1780 4564 cursu

137 4603 182 4651 tur
195 4609 212 4651 a
224 4601 318 4665 reges.
333 4589 400 4648 itin
413 4601 441 4649 et
454 4604 516 4648 cum
531 4600 580 4648 iios
594 4593 659 4648 mihi
673 4603 700 4650 et
714 4608 798 4664 equos
810 4594 935 4663 optimus,
952 4599 1084 4668 nrapido
1108 4599 1141 4653 ad
1164 4613 1207 4654 nie
1229 4597 1475 4667 repraesentandum
1498 4596 1631 4669 dirigitur.
1660 4596 1781 4670 Curiique

138 4699 167 4745 st
185 4701 232 4744 res
246 4687 313 4743 alias
328 4685 500 4757 preberent,
519 4686 638 4756 nunquid
660 4695 781 4757 poteram
804 4687 875 4742 aliud
898 4686 938 4742 ia·
989 4687 1133 4754 uenissent,
1155 4689 1243 4744 stabat
1266 4702 1312 4744 rei
1331 4688 1412 4757 inita,
1429 4686 1631 4743 tabernaculum
1650 4699 1683 4742 ea
1698 4688 1781 4742 ramis

139 4842 240 4900 dieitur
254 4837 438 4900 Post-Pieris.
455 4838 522 4895 aliur
541 4836 568 4891 iii
587 4837 652 4892 silua
668 4834 771 4906 vosago
785 4836 819 4890 ad
835 4836 935 4892 llotam
991 4839 1101 4904 talione,
1116 4854 1195 4909 quain
1211 4836 1262 4894 sibi
1280 4837 1438 4897 lumiliareio
1457 4834 1540 4893 ltiisse
1554 4834 1653 4894 latetur
1666 4849 1721 4893 nuit
1732 4849 1771 4894 se·

139 4913 263 4976 larium,
278 4911 349 4968 later
359 4907 842 4975 honmeilloiumeainttuiii,rix
857 4907 937 4962 hodie
989 4909 1042 5016 '¹¹3¹
1055 4907 1213 4978 Gregorius.
1297 4975 1314 5031 5
1387 4975 1456 5032 ΗΜ
1471 4991 1506 5032 m
1521 4974 1589 5031 inm
1615 4989 1645 5031 ea
1690 4975 1724 5032 w

141 4993 336 5109 “guilabebat
350 5049 418 5104 ultas
431 5046 500 5104 duas
515 5047 709 5112 Giintramnus,
723 5045 937 5118 ctiodolergem
1026 5056 1039 5086 ·
1054 4978 1781 5116 ffitpfflffissfpg,¹010gmvstmn'wppgppgup,

265 5132 294 5177 et
306 5119 488 5183 chlotildeiii;
511 5117 558 5174 sed
583 5116 609 5197 id
636 5115 789 5198 pronihilo
812 5117 937 5181 docebit,
990 5117 1106 5187 lios-pitin
1130 5118 1294 5199 adhibebant
1308 5134 1315 5171 :
1330 5117 1464 5188 sequioris
1487 5118 1538 5174 sari
1562 5115 1711 5188 scriptores
1734 5131 1787 5193 pru

141 5213 159 5266 q
190 5265 196 5276 ¹
228 5206 314 5263 equo
328 5189 495 5271 capessendo
509 5187 639 5269 inlialnles
659 5197 751 5270 essent
766 5194 838 5284 inita
853 5189 937 5268 legem
991 5187 1298 5312 qu?¹²?⁰¹iffl'¹⁰'ii⁰i¹ws'em
1336 5273 1349 5312 r
1374 5257 1440 5312 alm
1466 5257 1580 5312 mm
1612 5255 1680 5310 vide
1703 5268 1784 5321 mn

142 5256 939 5397 &gakagtffraffiaegrii'i'dgmlffiistrestiliqiiaffiwe'iybffi
991 5327 1038 5383 lib.
1055 5272 1177 5409 tuffgcup.
1193 5327 1220 5384 6.
1234 5271 1381 5410 ΙΙίιιιΐιθιιίιι
1392 5279 1534 5410 sucerdot'ir
1549 5294 1657 5403 iiouiiue
1676 5322 1785 5391 episco-

143 5421 177 5462 ea
193 5420 249 5474 quo
262 5401 430 5458 Francorum
457 5400 599 5480 imperinm
614 5399 746 5478 subsistit,
768 5397 894 5452 inuberes
906 5397 941 5451 ad
997 5413 1058 5464 pum
1080 5413 1133 5453 uon
1157 5398 1281 5481 iintelligit
1301 5398 1456 5468 Gregorius,
1479 5407 1508 5453 ut
1522 5411 1594 5466 sape
1610 5393 1693 5474 lim·
1718 5392 1785 5476 ilaei

143 5472 346 5533 mendara
362 5471 389 5524 iu
404 5483 476 5539 regia
490 5472 619 5538 dignitate
633 5467 756 5548 adnuisse
769 5465 887 5548 luerunt.
996 5480 1106 5523 sanctus
1119 5469 1213 5524 bertus
1231 5481 1289 5523 erat
1304 5470 1473 5524 soluimus-lo
1486 5468 1569 5522 atthas
1584 5465 1759 5518 buciacensis.

181 5543 318 5626 blisger„
331 5553 423 5608 meque
436 5540 587 5608 spertmnlos
601 5536 703 5619 papales
728 5536 847 5606 prebuit.
857 5535 942 5618 bad..
1032 5538 1155 5604 scarb„
1169 5539 1235 5594 ilcll.
1252 5552 1278 5592 ct
1295 5537 1373 5593 cotti.
1396 5539 1494 5618 liabent
1508 5535 1674 5616 Genusum.
1686 5531 1788 5632 'vulge-

142 5607 725 5760 brissinensislllllttt.
739 5607 942 5732 littlttlt.
995 5603 1789 5759 littlit:lttilltttlltltllittlltlttilltl

142 5752 287 5827 sequentis
301 5752 407 5817 capitis,
422 5759 445 5804 et
460 5751 608 5825 oradipite,
623 5758 676 5803 etc.
995 5748 1111 5827 Severus
1135 5763 1161 5801 in
1179 5749 1289 5826 bialngo
1301 5747 1329 5809 ὅ,
1356 5748 1399 5800 ubi
1422 5751 1537 5806 sanctus
1551 5746 1678 5803 tlariinm
1694 5741 1789 5797 illiers

184 5821 307 5888 ·corb.,
323 5819 399 5887 lieo..
414 5829 479 5888 etc„
492 5838 565 5907 pieni
586 5821 741 5886 discussum,
756 5829 865 5873 usuum
881 5830 940 5874 mu·
994 5816 1157 5876 ordinationi
1172 5816 1326 5874 intertuissc
1342 5825 1474 5872 narratur.
