3736 6248
122 236 183 298 tas
615 230 646 291 s.
668 229 834 288 cnrcuntt
851 229 1009 289 struunt
1027 229 1243 289 manneusts
1363 252 1369 262 ·
1702 234 1779 291 aare

125 356 218 413 tesan
231 367 292 410 curn
307 349 370 409 eleo
385 345 722 412 bettedictc'ccntrectaon
737 346 865 417 imposito
887 347 924 404 si·
938 348 964 406 A
976 343 1044 400 chus
1055 344 1111 416 95
1123 360 1188 399 vcro
1201 344 1285 399 lilium
1300 358 1379 401 suurn
1392 344 1591 407 Theodericum
1605 344 1621 388 ¹⁸
1635 362 1684 420 psr
1705 352 1780 407 Albi-

116 462 184 516 ,ςιιο
196 444 284 502 erucis
300 441 418 498 restitnit
431 452 527 494 sanum
544 452 551 492 ε
565 434 678 508 ejusque
690 437 804 494 obtentu
816 452 927 494 rnonas·
979 451 1090 509 pensem
1111 450 1143 491 ac
1156 434 1310 492 ilutlaetmm
1324 436 1460 495 civilstem
1475 441 1510 495 ad
1531 443 1662 498 Arvernis
1676 442 1778 514 dirigit.

27 576 33 593 .
113 540 226 599 ¹teriutn
237 533 384 605 permansit
395 531 520 586 illaesum.
535 529 683 599 llultasque
695 539 723 586 et
734 530 802 587 alias
814 531 928 588 virtutes
980 528 1030 596 Qui
1044 529 1139 584 ableas
1153 528 1235 584 urbes
1250 530 1325 596 illas,
1348 544 1364 585 s
1387 530 1486 587 linibus
1506 531 1669 591 Gotthurunt
1694 549 1780 608 usquc

5 2438 9 2445 .
127 2406 295 2467 regnumque
316 2390 400 2461 patris
423 2387 555 2458 sagaciter
572 2383 714 2456 occupavit
735 2392 759 2439 ι.
775 2382 925 2441 chlodove-

127 643 256 704 oprratus
266 638 317 694 est,
334 642 401 698 qnos
415 627 437 682 si
452 626 513 696 quis
527 626 670 694 diligenter
681 623 813 695 inquiret,
828 625 926 680 librum
980 617 1200 690 ttorproutonun
1216 621 1372 686 terminum,
1389 622 1528 689 patrissui
1551 623 1704 682 ditionibus
1716 627 1780 684 sub·

132 727 199 783 Vite
212 734 225 763 ¹
236 725 310 781 illius
325 723 428 792 legens,
439 727 537 775 cuncta
555 719 674 788 reperiet
688 716 713 773 t,
727 716 832 774 littorea
847 718 927 773 chlo·
976 715 1092 789 longavit.
1105 717 1234 788 Regnavit
1245 727 1334 774 autem
1345 718 1467 775 Alaricus
1479 719 1571 793 viginti
1591 721 1661 785 duas
1679 738 1777 779 savius.

112 818 267 875 ·tiovechus
281 831 329 870 rut
347 830 409 869 corn
424 813 533 869 Alarico
548 826 610 881 reqe
619 809 778 866 cottlvuruvn
794 812 820 865 itt
832 825 927 880 canapo
978 808 1187 866 chlodovechus
1202 823 1266 866 reru
1280 808 1350 880 apud
1366 809 1592 880 cinomannico
1604 813 1699 871 urbem
1713 814 1781 887 hye-

130 908 300 981 Voqladense
310 918 333 973 ι,
350 906 455 961 decitno
470 906 504 958 ab
517 903 585 960 urbe
600 903 708 959 Pictura
722 904 848 959 tuillisrio
862 918 928 960 oto·
979 917 1050 958 utem
1064 917 1158 974 aperis,
1172 913 1287 960 cunctos
1303 905 1447 959 thesauros
1461 904 1562 961 Alarici
1578 921 1594 961 a
1608 905 1710 964 Toittsa
1730 925 1779 964 ati-

129 1006 202 1061 renit
218 998 539 1071 :eteoaliiqentilmshis
568 997 685 1063 eminus,
714 995 928 1051 metonomico-
979 994 1078 1059 ierens‚
1104 992 1295 1051 ccciismaml
1325 995 1411 1051 venit.
1441 993 1490 1052 cui
1521 997 1652 1054 Dominus
1677 1004 1801 1057 tubitv'

129 1095 283 1153 minusilli.
300 1088 818 1162 cumqucsecnndumcuttsuctudinetn
834 1085 926 1142 cntthi
979 1086 1095 1157 gratiam
1118 1087 1233 1157 tribuit,
1260 1095 1290 1142 nt
1316 1087 1343 1143 io
1368 1088 1428 1158 ejus
1451 1089 1682 1160 contemplatione
1708 1097 1778 1149 marri

111 1201 205 1263 ..terga
219 1188 374 1248 vertissent.
400 1186 457 1252 ipse
472 1197 519 1238 rex
543 1180 749 1238 cldodoreehus
773 1181 925 1245 victoriam,
978 1189 1075 1247 sponte
1089 1189 1259 1235 corruerent.
1281 1178 1357 1236 Tunc
1371 1180 1487 1236 exclusis
1502 1180 1609 1239 cutthis
1622 1183 1718 1240 urbem
1729 1201 1779 1239 stin

127 1283 245 1338 licutino
257 1279 413 1348 attitulante,
429 1274 555 1330 obtinuit.
574 1273 695 1328 ilabebat
710 1284 801 1328 eutero
826 1272 853 1327 in
876 1273 926 1328 a'd·
979 1267 1099 1325 dotniniu
1112 1269 1274 1340 subiugavit.
1289 1269 1394 1326 Patrata
1409 1274 1529 1342 posthac
1545 1273 1668 1342 victoria,
1689 1274 1778 1332 'iuro-

127 1373 256 1445 putorium
267 1387 345 1426 suurn
362 1369 444 1423 hlium
457 1367 583 1437 Siqilrerti
599 1366 705 1432 claudi,
720 1366 830 1421 nonnius
843 1365 926 1423 chlo·
979 1361 1020 1416 nis
1033 1376 1172 1433 regressus
1182 1371 1226 1418 est
1243 1363 1269 1427 l.
1281 1364 1364 1420 muita
1380 1373 1480 1423 sancte
1495 1366 1614 1423 basilice
1628 1369 1699 1425 beati
1710 1369 1779 1424 ilar·

116 1467 261 1524 ¹clericum.
279 1464 327 1518 ιιι
341 1462 517 1532 Spibcrtus‘
532 1473 653 1530 puqrtsns
677 1469 771 1514 contra
796 1458 924 1514 Alatnan·
979 1453 1027 1508 tini
1044 1469 1153 1513 otunera
1165 1453 1297 1512 ulicreus.

129 1573 181 1615 uos
191 1557 263 1629 apud
274 1555 452 1611 Tolbiacense
463 1553 590 1623 oppidum
603 1566 745 1620 percussus
756 1551 784 1606 itt
801 1550 925 1620 geniculo

111 1652 311 1712 ¹claudicabat.
325 1650 481 1714 Primores,
503 1661 565 1702 cum
588 1645 686 1716 iungaris
708 1641 815 1699 Gottbis
837 1643 925 1699 Alani·

128 1761 192 1801 cum
207 1758 297 1815 regent
313 1739 502 1803 interfecisset,
517 1737 572 1793 duo
582 1751 616 1793 er
630 1735 748 1791 adverso
766 1735 857 1790 subito
878 1734 925 1789 ad·
941 1731 965 1790 tt

111 1837 280 1899 werhades,
292 1847 353 1888 cum
365 1828 454 1887 contis
464 1839 579 1899 utraque
590 1826 616 1881 ei
632 1825 716 1881 latera
736 1823 849 1881 feriunt.
870 1823 925 1882 Sed

111 1931 231 1990 ‘auxilio
244 1938 297 1984 lant
315 1928 417 1991 lorice,
441 1937 522 1992 quam
547 1919 652 1978 velocis
671 1919 744 1990 equi.
768 1935 804 1975 ne
825 1920 926 1991 periret

1014 1603 1157 1663 xxxiiii.
1174 1607 1256 1681 igitur
1269 1607 1474 1667 chlodovechus
1498 1611 1533 1666 ab
1555 1612 1701 1670 Anastasio
1727 1615 1777 1673 ito·

977 1707 1104 1769 peratore
1119 1701 1258 1758 codicillos
1268 1702 1302 1758 de
1314 1704 1455 1758 covtsulatn
1465 1705 1580 1776 accepit,
1591 1716 1619 1763 et
1629 1707 1655 1762 in
1668 1707 1727 1764 basi
1738 1711 1776 1765 ica

977 1789 1046 1846 beati
1059 1790 1164 1848 liartioi
1177 1775 1266 1849 tuitiea
1281 1793 1371 1851 blatea
1386 1792 1398 1833 ¹¹
1411 1794 1571 1853 indurasset
1584 1799 1776 1874 etchhntyde,

977 1883 1118 1952 itnponens
1138 1885 1232 1942 vertici
1251 1885 1386 1942 diadema.
1413 1886 1490 1944 Tunc
1514 1903 1630 1946 ascenso
1655 1893 1748 1965 equite
1767 1894 1773 1931 ¹

978 1990 1073 2031 aurum
1087 1985 1281 2048 argentumque
1303 1977 1329 2032 in
1345 1979 1441 2035 itinere
1454 1979 1511 2044 illu,
1526 1981 1597 2052 quud
1620 1983 1693 2040 inter
1716 2000 1775 2055 por·

976 2075 1030 2120 tam
1045 2066 1106 2122 atrii
1121 2066 1237 2123 basilice
1253 2067 1323 2124 beati
1339 2068 1443 2125 biartini
1458 2070 1638 2128 elecciesiam
1655 2075 1774 2132 civitatis

976 2166 1028 2223 est,
1043 2157 1223 2229 presentibus
1238 2160 1342 2229 popidis
1358 2175 1437 2214 vunnu
1452 2162 1558 2232 propria
1571 2177 1715 2235 spargens.
1726 2182 1773 2221 va-

977 2254 1079 2309 luntate
1094 2252 1286 2325 benignissima
1301 2254 1431 2324 erogavit,
1454 2264 1482 2311 et
1495 2254 1530 2311 ab
1543 2270 1574 2311 er
1587 2255 1631 2312 die
1646 2265 1773 2329 tanquam

976 2345 1070 2401 etiusul
1083 2353 1130 2403 sut
1145 2353 1165 2382 ι’·
1178 2346 1313 2416 Augustus
1324 2355 1365 2402 est
1380 2343 1523 2403 vocitatus.
1540 2346 1671 2419 muscus
1684 2332 1775 2406 nutem

124 2029 272 2094 exemptus
285 2028 338 2076 est.
354 2016 484 2072 hiacintus
504 2014 540 2070 ibi
555 2021 620 2068 tuuc
636 2015 818 2070 Arvernorum
842 2027 926 2081 popu-

112 2116 184 2184 'iut,
196 2116 241 2185 qui
254 2129 314 2170 cunt
341 2109 496 2179 Apollinare
511 2104 521 2145 ¹
538 2113 660 2169 venerat,
684 2111 712 2159 et
734 2103 811 2173 primi
833 2102 925 2176 [Forte

131 2204 253 2283 plurimi}
266 2206 311 2276 qui
326 2211 403 2260 erant
414 2218 448 2258 ex
459 2198 629 2256 muratoribus
639 2205 812 2254 corrnerunt.
826 2196 864 2251 ile
874 2197 925 2252 hac

116 2286 218 2374 'pugna
233 2296 483 2356 Antaisricusdlius
502 2292 601 2349 Alarici
616 2291 643 2347 in
672 2291 825 2362 hispaniam
848 2290 924 2363 logii,

164 2539 179 2569 ⁸
194 2527 283 2586 Vitam
304 2525 389 2582 sancti
418 2519 544 2581 Maxentii
559 2520 607 2577 ec
624 2520 704 2578 codd.
731 2535 797 2578 mss.
824 2520 924 2577 editam
976 2535 1036 2591 cap.
1048 2519 1093 2587 5⁴8,
1110 2528 1138 2575 et
1153 2519 1268 2578 ilistoria
1284 2519 1398 2580 lliseelia
1412 2542 1419 2581 ι
1432 2524 1574 2599 Antequam
1582 2527 1616 2584 de
1629 2527 1775 2603 Asdefloda

128 2598 215 2658 hans
228 2609 294 2655 torn.
310 2597 322 2654 Ι
336 2595 428 2652 Actor.
452 2592 503 2650 SS.
526 2592 634 2649 Ordinis
658 2593 834 2659 berredictini,
863 2609 924 2664 pag.
977 2591 1090 2662 (Ladon
1105 2589 1267 2648 Francorum
1279 2597 1347 2666 reqis
1360 2596 1425 2664 plia)
1440 2613 1470 2651 so
1486 2600 1552 2652 oleru
1565 2600 1680 2665 taceret,
1696 2612 1770 2657 natta·

130 2672 195 2738 titt,
207 2684 286 2739 quatu
300 2668 421 2724 consule.
444 2665 537 2720 Exstat
550 2667 631 2720 etiam
647 2678 718 2719 nunc
731 2662 923 2720 monasterinm
975 2664 1258 2729 internoscatur,
1278 2683 1343 2734 quas
1362 2669 1488 2740 praeisset
1511 2669 1598 2724 adhuc
1619 2672 1646 2723 itt
1670 2672 1772 2739 ticoh,

130 2743 201 2799 istud
215 2755 276 2795 corn
288 2737 387 2808 oppido
401 2734 566 2808 cugttomini.
583 2732 677 2789 Orditti
690 2747 784 2791 nostro
797 2735 847 2789 snb
861 2750 924 2791 nos·
975 2734 1044 2802 filias
1056 2732 1159 2796 habuit.
1173 2751 1251 2789 suunt
1271 2737 1375 2792 nornine
1390 2737 1564 2806 i'hetttiicodu,
1574 2750 1599 2796 et
1613 2742 1697 2797 aliast
1720 2743 1774 2800 Οε-

127 2823 170 2870 tra
183 2811 216 2870 S.
230 2811 314 2867 iicuri
329 2807 542 2877 Cuttgreguliottc
554 2803 716 2875 sttbjcclttttt,
731 2823 746 2860 a
759 2805 924 2862 caltitviattis
976 2803 1104 2875 troqutito,
1114 2821 1178 2873 quas
1192 2822 1252 2860 tvtoc
1264 2817 1291 2860 ιιι
1302 2809 1328 2861 in
1343 2805 1448 2862 Aulium
1466 2811 1543 2877 senil,
1565 2813 1666 2883 reqicus
1680 2816 1773 2873 ricinis

119 2876 266 2949 dirutum,
280 2888 514 2948 restauratumque
531 2881 620 2944 paucis
642 2875 676 2932 ob
691 2877 752 2932 lvittc
763 2876 842 2931 annis
856 2892 864 2929 ι
879 2876 923 2931 ubi
975 2873 1002 2928 in
1014 2874 1136 2948 cortinqic
1149 2877 1289 2944 copularit.
1302 2876 1331 2932 iti
1344 2891 1381 2933 est
1394 2895 1471 2933 artent
1490 2881 1594 2935 Alarico
1613 2882 1679 2937 i'ese
1696 2884 1773 2940 otia·

125 2955 213 3010 abbas
237 2952 286 3007 iuit
312 2953 342 3006 S.
373 2948 553 3016 Lentieparius
584 2956 689 3018 martyr
717 2959 744 3002 ct
780 2948 924 3019 episcopus
975 2956 1045 3027 reru,
1060 2957 1083 3027 et
1098 2948 1178 2999 oliam
1192 2945 1592 3019 Siqismuntlallurqundiansnt.
1617 2954 1651 3008 itt
1675 2900 1773 3010 irom-

128 3024 285 3087 aucensis,
299 3022 344 3108 qni
359 3031 387 3076 et
401 3021 436 3073 ihi
451 3027 512 3087 pust
525 3026 640 3071 vnunent
656 3019 702 3073 diu
714 3018 811 3086 incutit.
978 3031 1045 3085 ptus,
1062 3015 1131 3071 ltbrn
1145 3017 1230 3073 tBelli
1246 3018 1361 3084 Gothici,
1378 3023 1398 3074 i
1403 3022 1561 3077 lictulmiuns
1570 3023 1679 3078 Alarico
1689 3027 1771 3094 pltare

165 3095 179 3137 ¹·
194 3095 243 3152 tlte
258 3097 284 3147 in
295 3093 378 3149 corb.
390 3101 418 3149 ει
433 3090 536 3146 hellus.
552 3089 746 3144 interseruntur
758 3090 816 3144 haec
828 3090 923 3160 verba,
976 3102 1050 3141 suant
1064 3087 1187 3158 virqineut
1206 3089 1341 3162 despondit
1368 3089 1584 3149 Titesdichuacnt.
1614 3101 1772 3168 Artoqnnus

128 3167 204 3227 Διιιε
217 3165 306 3238 quinto
320 3166 420 3218 deciam
446 3159 626 3225 cltlodotnchi,
653 3170 679 3214 et
703 3160 811 3230 quidem
838 3164 923 3232 prima
976 3156 1124 3282 porrlupnst
1138 3159 1225 3213 locum
1242 3162 1376 3217 laudatum
1392 3162 1597 3236 Antaiaberqatn
1621 3166 1771 3224 llennens-

129 3253 228 3303 manu;
251 3245 377 3291 constare
390 3244 479 3288 tannen
504 3232 564 3285 vide
577 3246 608 3284 ur
623 3245 738 3301 pugnum
765 3229 833 3287 itane
854 3248 925 3288 atino
989 3226 1042 3282 ridi
1056 3227 1251 3299 Thorittqurutn
1261 3237 1330 3302 regis
1340 3247 1462 3299 usurum.
1477 3233 1597 3300 eittstlem
1609 3234 1770 3295 Theudorici

129 3302 337 3372 hichiodotei
351 3291 435 3361 id'est
457 3299 651 3370 vulparisarae
670 3299 735 3369 δεῖ,
750 3305 924 3359 commissam
976 3315 1125 3366 straturum
1145 3302 1261 3369 appellnt
1284 3321 1292 3357 ι
1315 3312 1404 3358 tamen
1427 3319 1460 3358 es
1485 3305 1626 3372 Procopio,
1654 3309 1770 3365 ltisntria

114 3381 219 3436 quipse,
236 3379 303 3434 vine
318 3392 398 3445 supra
414 3387 492 3430 notas
504 3373 537 3427 ad
553 3387 612 3439 cap.
627 3371 672 3428 tn.
975 3355 1105 3437 Mucella,
1123 3372 1204 3425 ittvnnt
1227 3382 1254 3427 et
1270 3375 1327 3442 ipso
1341 3373 1514 3443 cssiuduro,
1530 3376 1576 3430 lib.
1592 3391 1629 3440 tr.
1645 3379 1727 3448 epist.
1745 3381 1781 3446 1,,

166 3462 178 3489 e
193 3450 302 3518 Aliquot
317 3464 384 3503 niss.
398 3456 424 3501 et
440 3446 522 3505 edin,
542 3441 710 3499 vocladense.
726 3442 812 3513 Vulgo
827 3445 926 3502 dicitur
976 3442 1151 3513 Artvataberqn
1175 3440 1225 3497 icit
1240 3442 1399 3501 Titeudorici
1422 3461 1456 3501 cr
1480 3445 1646 3503 Atuahdrida
1675 3465 1770 3508 sorore

133 3520 244 3585 canitie,
260 3519 330 3589 quud
345 3516 472 3587 nppithnn
487 3523 529 3567 est
543 3515 575 3566 ad
590 3514 722 3568 clenttutn
739 3515 858 3581 hirriunt,
875 3520 924 3572 tri·
976 3511 1076 3576 nepotis.

128 3591 180 3647 bus
194 3591 277 3646 leucis
291 3590 324 3644 ab
348 3590 417 3643 urbe
429 3584 590 3640 i'ictarrctui
605 3584 740 3639 dissitum.
755 3584 830 3642 colb.
845 3586 926 3643 habet
1011 3580 1025 3622 ⁸
1041 3582 1087 3637 Sic
1101 3582 1229 3639 scribitur
1242 3584 1268 3638 in
1284 3587 1475 3643 vetustioribus
1488 3586 1568 3644 codd.
1580 3604 1587 3654 ;
1600 3587 1647 3645 alii
1672 3590 1771 3649 habeat

128 3661 300 3719 Dshiaceuss.
976 3650 1158 3719 verecensis,
1171 3670 1219 3710 seu
1234 3655 1417 3712 Theudoricus.

163 3729 244 3788 &Alii
259 3744 338 3794 crass..
354 3729 508 3783 consistunt.
524 3724 633 3797 nigro„
648 3725 684 3779 hii
698 3726 808 3784 eminus.
1015 3729 1023 3761 ¹
1041 3724 1092 3779 Alii
1108 3725 1229 3781 scribunt
1244 3725 1426 3796 Encoiisntant,
1440 3726 1609 3795 Ecolisinatu,
1622 3745 1672 3789 scu
1685 3731 1770 3808 Eupa-

167 3800 350 3874 ‘sigibertus
360 3799 480 3854 Ceionio
494 3798 557 3867 Aqri
579 3797 646 3866 pinu
660 3797 751 3853 sedi-tu
768 3797 924 3869 babebat,a
975 3794 1086 3850 lirnium.
1101 3794 1171 3851 Urbs
1184 3807 1226 3851 est
1239 3799 1411 3871 episcopalis,
1429 3801 1508 3873 vulgo
1523 3801 1691 3874 Artpoulcnts,
1706 3805 1771 3861 satis

129 3889 181 3946 qus
193 3873 362 3936 Tolbiacum,
379 3871 458 3924 ltudie
472 3813 585 3934 Zulticss,
598 3882 644 3923 seu
659 3866 736 3950 liniq,
748 3879 862 3940 quatuor
872 3886 925 3925 cr-
976 3873 1050 3921 ιιιιιε.
1219 3939 1226 3952 ἱ

113 3949 198 4003 «sites
213 3945 296 3999 leucis
314 3943 407 4005 distat,
423 3939 467 3995 ubi
490 3940 597 3995 celebre
640 3939 741 3994 ruitum
766 3943 837 3995 inter
858 3943 924 3996 Ala·
1013 3935 1358 4012 thegnmvuqrmn.
1375 3942 1507 3999 ceterum
1521 3942 1770 4002 Chiudoreuscnm

113 4029 244 4081 ,marinos
255 4023 283 4069 et
303 4013 500 4075 chlodoveum,
518 4010 594 4080 'quud
619 3954 783 4065 franeorum
809 4025 924 4068 conver·
975 4004 1077 4062 beilum
1088 4008 1287 4092 istud'pararet,
1304 4024 1424 4069 asancto
1440 4013 1562 4083 Retttiqiu
1575 4016 1770 4082 atlttiottitus.a

114 4084 198 4147 'stum
211 4085 382 4143 occasionem
395 4082 519 4152 prebuit,
532 4080 708 4137 conunissum
719 4093 770 4137 est.
784 4081 925 4137 Euistvruat
976 4079 1056 4134 rebus
1066 4093 1151 4133 sacrus
1163 4081 1352 4137 tovtuicbiliter
1361 4085 1548 4141 abstinendum
1559 4087 1685 4141 tttttnibus
1696 4104 1770 4145 atru-

124 4170 220 4214 tstneu
234 4153 422 4212 lletnchcnius
446 4154 547 4209 hellutn
570 4152 640 4207 istud
663 4166 747 4222 prope
762 4157 925 4223 Argentom-
975 4148 1059 4218 davit,
1076 4164 1135 4220 quae
1150 4164 1193 4205 res
1206 4150 1230 4205 ei
1244 4153 1426 4209 conciliatita
1447 4156 1501 4209 lien
1523 4156 1654 4211 adversus
1678 4161 1770 4213 trustes

130 4240 186 4284 tutu
201 4230 351 4285 convicerunt
367 4224 461 4293 inisse,
477 4223 654 4294 quodetlnde
669 4224 839 4279 chlodoveus
852 4224 925 4280 ilhe-
975 4219 1129 4275 titltttitttn·
1145 4219 1176 4276 S·
1192 4221 1305 4294 licutiqii
1316 4228 1442 4295 epistola.
1454 4238 1481 4283 et
1504 4240 1535 4281 cs
1556 4240 1637 4296 quam
1663 4242 1770 4295 peracto

128 4316 188 4356 nus
202 4303 344 4363 accedens.
361 4297 440 4352 'l'uilo
456 4295 602 4350 trattsicrit.
617 4295 669 4349 Sed
683 4294 854 4351 chlodoveus
876 4297 925 4349 dc·
975 4289 1046 4347 bello
1058 4293 1115 4362 ipse
1127 4291 1298 4350 chlodoveus
1311 4297 1494 4368 adepiscopus
1503 4296 1538 4352 dc
1548 4297 1599 4353 hac
1608 4313 1641 4354 re
1650 4298 1769 4370 scripsit,

127 4373 205 4427 victis
220 4370 375 4427 Alntuarntis
388 4381 435 4420 eos
449 4378 488 4421 est
506 4375 674 4434 prust-cutus,
689 4365 724 4419 ito
740 4375 770 4420 ut
782 4366 834 4419 'ant
849 4365 923 4421 iihe-
975 4361 1056 4443 etiattt
1067 4377 1138 4418 nunc
1151 4374 1306 4433 supersunt,
1317 4381 1384 4436 quas
1398 4367 1424 4421 in
1436 4368 1593 4439 'Appendtcc
1608 4367 1769 4433 referemus,

127 4456 188 4567 inus
211 4440 364 4564 ιιὶιοιιειὲιιιί
378 4438 456 4491 Tullo
479 4444 592 4490 lrnttsttc
613 4435 748 4491 debuerit.
778 4382 808 4490 <t
833 4435 923 4493 Voles.
939 4432 1477 4563 D{algiscunsactllmialgmdgxcuttditionc
1499 4439 1655 4563 monasterii
1679 4439 1774 4566 bftctai

167 4552 175 4567 .
270 4526 291 4564 r.
344 4524 404 4563 an.
1044 4523 1049 4554 ι
1335 4523 1480 4563 tonannne
1500 4524 1563 4563 snnr
1657 4525 1692 4564 ss
1747 4528 1763 4566 s

138 4515 177 4621 ml
188 4525 312 4637 ilicem
331 4523 415 4634 intacti
432 4576 596 4648 Apollinaris
622 4574 725 4632 Sidonii
749 4576 833 4643 lilius,
858 4588 922 4635 aitte
975 4520 1201 4631 comai'ngnuatn
1221 4574 1353 4634 Trinitatis
1368 4594 1398 4635 se
1412 4582 1578 4636 concessisse
1592 4526 1727 4637 ufs't'itussf

126 4653 311 4724 episcopatum
327 4665 359 4706 cx
376 4649 547 4704 tvvatrnnouio
571 4648 689 4717 legitimo
704 4659 872 4718 procreatus,
888 4653 923 4706 de
1012 4642 1099 4702 kliec.
1113 4656 1140 4703 et
1149 4647 1218 4704 tior.
1231 4662 1267 4714 s.,
1280 4650 1382 4715 tunica.
1396 4652 1506 4706 baltheo.
1519 4649 1668 4707 heliaenda
1681 4661 1773 4709 nostra

127 4740 179 4792 quo
193 4724 337 4790 Gregorius
351 4724 378 4776 in
394 4722 461 4777 libro
476 4736 518 4780 nt.
534 4733 594 4788 cap.
610 4718 636 4786 ²,
653 4731 681 4774 et
696 4721 743 4774 lab.
759 4734 768 4773 ι
783 4720 816 4775 do
831 4716 922 4777 Gloria
976 4713 1068 4774 lectio.
1084 4716 1193 4773 Turrictc
1205 4719 1275 4773 eninr
1292 4722 1388 4776 bloteae
1403 4723 1513 4778 nornine
1527 4721 1613 4778 vestis
1637 4736 1768 4793 purpurea

125 4795 216 4860 llari„
230 4808 291 4864 cup.
307 4793 352 4855 45,
368 4804 424 4859 ete.¹
976 4786 1120 4853 indiculus,
1135 4805 1195 4857 tpuzu
1208 4790 1323 4846 mutitnc
1336 4793 1473 4848 consulent
1487 4800 1515 4847 el
1530 4795 1680 4863 Augustum
1692 4795 1768 4850 dcte·

111 4922 115 4931 ,
163 4856 801 4934 ucecisodlaticoceznlicuseiushliusreqni
818 4863 921 4932 paterni
978 4857 1033 4912 bat.
1048 4858 1123 4914 iliata
1138 4873 1187 4915 seu
1203 4861 1285 4915 blatta
1300 4877 1446 4932 purpuram
1469 4862 1615 4934 siqnideari
1641 4870 1717 4933 patet
1737 4879 1767 4922 st

125 4947 229 5010 pafrem
243 4938 397 5006 occupauit,
411 4932 594 4990 'ttnendnricos
608 4950 673 4991 onero
684 4934 719 4989 tt.
735 4934 923 5004 oltrognvtbn-
977 4931 1089 4984 vetustis
1098 4928 1238 4999 glossariis
1252 4933 1423 5004 antiquisque
1435 4934 1680 5005 auctoribus‚quos
1694 4934 1766 4991 vide·

125 5026 185 5068 rtttn
200 5026 246 5065 rer
259 5012 372 5065 alterato
385 5009 465 5075 terit,
481 5017 542 5077 pust
556 5005 634 5078 cujus
648 5016 764 5061 mortem
783 5004 920 5060 Atttninri·
973 5002 1012 5056 sis
1023 5001 1092 5081 apud
1105 5001 1270 5058 Savaronem
1283 5002 1311 5059 in
1326 5004 1398 5060 notis
1410 5005 1444 5061 sd
1455 5006 1503 5062 iib.
1518 5018 1557 5070 ts,
1571 5004 1653 5075 epist.
1667 5002 1716 5069 ts.
1727 5005 1766 5062 st·

112 5097 184 5145 sus.
195 5081 256 5137 aliis
269 5083 424 5144 donatrices,
437 5093 487 5135 seu
500 5078 658 5142 almaricus,
671 5093 703 5130 er
717 5075 920 5146 Theudichusa,
973 5070 1057 5138 donni,
1070 5081 1098 5128 ct
1108 5072 1170 5127 alibi
1182 5074 1291 5142 passim.
1307 5077 1469 5132 brouverum
1482 5076 1509 5132 itt
1520 5074 1664 5131 Ftvrtunsti
1675 5076 1726 5133 tin
1740 5091 1767 5146 ιι,

124 5165 174 5211 seu
187 5152 390 5220 Thendupulthu
406 5150 528 5221 ejusdem
542 5147 704 5204 Titcudotici
731 5147 796 5213 itha,
819 5147 920 5203 Alarici
973 5156 1060 5199 carto.
1074 5144 1102 5209 5,
1118 5143 1256 5215 ilvtqonem
1271 5148 1428 5202 ilcaardutn
1443 5151 1471 5202 itt
1483 5147 1728 5205 socranteutaricst
1739 5146 1767 5207 S.

125 5223 197 5281 tilius
211 5236 322 5294 regirare
335 5222 427 5290 coepit.
443 5221 712 5290 AuctorAnouymns
725 5218 848 5274 lictoris
860 5215 920 5273 cte·
975 5210 1107 5283 crcanii,
1117 5224 1170 5270 ete.
1189 5216 1256 5271 iiiuc
1277 5226 1388 5273 senatus
1399 5215 1513 5289 blattifer
1527 5216 1627 5274 dicitur
1644 5216 1768 5275 Sidonio.

123 5308 210 5353 aurem
226 5307 242 5349 a
256 5294 412 5350 constantio
438 5292 538 5347 trhioru
557 5293 590 5346 ad
615 5290 812 5347 Theodericum
835 5289 919 5345 italic
1010 5283 1019 5322 ¹
1034 5286 1079 5342 Stc
1086 5286 1179 5351 corb„
1194 5286 1259 5343 seh.
1276 5289 1362 5344 etalii
1374 5290 1467 5359 siripti
1483 5297 1652 5352 vetustates.
1665 5290 1715 5360 qtti
1728 5286 1771 5346 liic

124 5379 226 5435 regem.
243 5365 299 5418 linc
315 5365 395 5417 habet
409 5363 443 5418 de
457 5362 551 5417 eodem
567 5361 735 5417 Theoderico
751 5378 757 5412 :
773 5358 866 5414 Postea
874 5376 920 5414 ac·
971 5364 999 5411 et
1011 5357 1078 5411 alias
1091 5357 1148 5412 lere
1163 5372 1271 5429 setnpcr
1285 5375 1369 5429 equus
1384 5360 1538 5417 hotttittibus
1551 5358 1674 5416 lcoettdis
1686 5360 1771 5417 deu·

123 5437 190 5504 cepit
205 5451 311 5491 oaorem
333 5440 364 5488 de
379 5431 501 5496 Froucit,
524 5434 627 5487 numius
649 5431 833 5503 Auqopiotiam.
849 5429 919 5484 Noun
972 5438 1049 5482 uatus
1061 5429 1158 5497 equites
1171 5431 1316 5498 appellant.
1330 5430 1402 5486 liditi
1415 5443 1442 5486 et
1456 5434 1558 5502 aliquot
1574 5429 1685 5501 scripti,
1694 5446 1771 5503 sqtts.

124 5518 230 5563 acerem
244 5507 334 5561 ltubttit
346 5517 406 5558 ante
419 5519 543 5576 requam,
559 5505 590 5558 tis
604 5519 656 5572 qua
667 5513 814 5569 susceperat
825 5501 917 5570 filias:
1007 5505 1027 5534 ¹²
1042 5500 1131 5566 liciti,
1145 5501 1237 5554 castani
1248 5510 1271 5553 et
1286 5499 1429 5572 Anqustus.
1443 5499 1586 5557 maurinis
1598 5499 1729 5558 Cuiatitts
1738 5505 1773 5560 sd

124 5593 202 5632 snam
215 5579 297 5643 dedit,
311 5574 558 5645 neminesteutqni,
573 5574 677 5628 Alarico
692 5577 745 5645 uqi
763 5571 920 5643 Wisiqotita·
969 5583 1070 5625 tnntntt
1086 5568 1141 5624 illd
1154 5570 1314 5642 crepori'utn
1329 5574 1371 5629 his
1391 5572 1483 5629 verbis
1510 5572 1629 5629 volttisse
1652 5570 1773 5630 cnuto-

124 5651 219 5702 stuttiu
233 5650 329 5713 callia,
343 5648 454 5700 statium
467 5646 635 5715 pitontssans
656 5643 759 5698 Thence
778 5643 920 5699 otbuutSi·
973 5656 1052 5697 verim
1067 5642 1094 5697 in
1109 5644 1274 5696 consortium
1289 5643 1468 5714 imperatoria·
1486 5643 1625 5715 dignitatis
1646 5644 1685 5702 eb
1702 5650 1774 5703 Atta·

126 5719 260 5784 uhnunda
274 5717 328 5776 iiio
341 5715 495 5773 Gundeioai
516 5716 593 5784 repis.
618 5715 735 5774 Ecotttra
756 5661 918 5784 fornaudcs
971 5714 1054 5770 sunia
1069 5712 1152 5771 tuisse
1175 5713 1333 5784 adinissum,
1358 5729 1419 5772 etam
1443 5730 1460 5773 a
1481 5713 1625 5773 iustiniani
1650 5724 1775 5789 tempere
