3736 6248
138 362 194 429 m
350 359 353 365 ’
672 356 703 420 S.
722 356 901 419 Guuuouu
920 356 1347 423 331833313333333813

139 491 240 552 einum
257 484 380 567 13333111,
394 487 423 543 31
435 488 534 543 eontra
554 482 736 543 Desiderium
758 483 862 542 ducem
877 481 1023 555 tibilpeh
1033 481 1153 542 ficorum
1169 498 1228 542 non
1243 484 1347 554 fuerat,
1371 482 1603 544 Christianorum
1615 499 1696 543 nunc
1708 490 1750 544 ten

142 580 195 640 rici
208 577 284 650 regis
301 574 412 635 bellum
433 574 530 648 gessit.
559 573 592 631 In
607 588 666 647 quo
689 574 788 648 praelio
812 573 939 632 cecidere
956 572 992 631 de
1031 572 1105 644 fieri,
1118 573 1180 647 ipse
1194 574 1353 632 exercitum
1368 580 1539 643 commoret,
1554 580 1582 632 et
1596 574 1666 633 iilu'o
1684 575 1750 650 dieii

141 667 270 729 exercitu
283 666 346 741 ejus
360 665 490 740 quinque
501 664 613 734 miiiia;
626 663 663 722 de
676 677 688 706 ¹
702 664 843 723 Desiderii
862 680 931 723 roro
946 665 989 722 vi·
1066 662 1154 719 huno
1167 668 1263 720 sufem
1279 661 1405 720 seeundo
1420 660 1597 721 childeberti
1611 664 1697 737 regis,
1717 680 1750 722 eu

140 739 677 832 313333313333111113.1333333333
695 752 862 812 Desiderius
875 752 990 823 fugiens
1032 756 1075 807 rei
1098 749 1286 809 hierorechus
1307 757 1418 825 patrem
1432 766 1519 809 suum
1548 751 1579 808 in
1605 752 1660 811 hac
1678 752 1750 811 (13111

141 844 306 905 rixerosit.
322 841 499 902 Mummolus
514 857 582 901 vero
600 842 738 915 patricius
759 857 811 916 per
824 843 992 900 hrrernum
1032 838 1188 908 intentum,
1214 846 1362 912 assumpto
1384 854 1482 896 secum
1507 838 1727 899 Guntchramno

139 933 236 1008 rediit,
251 948 373 1005 eamque
391 933 447 1007 [Al.
462 932 561 1008 eaque]
578 947 628 1006 per
640 932 702 990 loca
713 931 858 991 exercitus
869 931 932 1004 ejus
945 931 992 989 de-
1032 926 1249 986 Brunichildem
1282 943 1400 1001 pergere
1439 928 1553 1001 cogitat,
1591 929 1708 988 dicens:
1745 976 1750 989 .

142 1024 274 1095 amavit,
290 1025 373 1082 etsie
388 1023 419 1081 iu
432 1022 630 1096 Burgundiam
643 1023 822 1097 peraccessit.
1031 1020 1146 1089 propter
1160 1030 1253 1072 meam
1271 1030 1422 1088 personam
1441 1015 1558 1073 basilica
1570 1016 1672 1081 domni
1691 1017 1750 1075 liar

177 1110 254 1171 XIV.
276 1111 407 1170 Posthaec
432 1111 701 1172 hierovechuscum
725 1113 755 1170 in
770 1110 899 1171 custodia
913 1127 992 1185 apa·
1032 1103 1150 1163 lentiam
1165 1105 1298 1177 perferat,
1313 1111 1363 1163 aut
1383 1105 1441 1176 [Al.
1456 1104 1492 1178 et]
1520 1106 1598 1177 regio
1624 1107 1687 1177 ejus
1702 1122 1750 1180 per

141 1207 185 1261 tre
197 1200 380 1272 retineretur,
392 1204 561 1260 tonsuratus
580 1208 632 1272 est,
647 1205 815 1273 mutataque
827 1206 915 1269 veste,
933 1214 990 1272 qua
1031 1189 1156 1263 ptivitati
1175 1189 1324 1248 subdatuf·
1350 1190 1386 1249 Εῑ
1411 1192 1559 1263 1131685118
1587 1191 1747 1267 1118111οῖ1ῐῦ,

140 1287 252 1348 clericis
263 1288 309 1348 uti
335 1303 398 1347 3133
423 1295 476 1360 est,
494 1288 647 1363 presbyter
662 1289 823 1360 ordinatur,
838 1297 866 1348 et
877 1289 912 1346 ad
928 1303 991 1346 mo·
1010 1329 1012 1333 -
1031 1279 1115 1354 giliis
1128 1287 1232 1352 ageret,
1248 1296 1294 1337 fes
1306 1296 1378 1353 ‘luas
1392 1296 1491 1339 Sifflffl
1515 1281 1647 1351 habehat,
1664 1282 1699 1339 111
1719 1298 1750 1341 ⁸8

138 1374 968 1452 333133131333331333113131,33333133111111333313δ
983 1421 991 1446 ,
1032 1367 1107 1426 beati
1126 1367 1242 1426 Martini
1259 1369 1404 1437 exhibuit,
1420 1384 1506 1427 Omns
1521 1375 1554 1429 ul
1566 1371 1621 1429 sibi
1636 1377 1750 1429 sanetus

141 1464 286 1540 dirigitur,
302 1470 336 1523 ut
354 1464 396 1523 ibi
415 1464 582 1523 sacerdotali
606 1465 772 1524 erudiretur
795 1465 905 1537 regula.
920 1463 991 1523 Haec
1033 1465 1118 1528 reret,
1131 1464 1217 1532 atque
1243 1459 1270 1517 ei
1285 1462 1452 1519 concederet
1473 1462 1593 1535 gratiam
1608 1477 1702 1533 suam,
1718 1466 1749 1521 ut

140 1554 263 1616 audiens
280 1553 519 1613 Guntchramnus
537 1553 621 1626 Boso,
645 1554 697 1628 qui
724 1558 793 1612 tunc
820 1552 851 1611 in
873 1552 992 1611 basilica
1034 1554 1162 1629 accipere
1185 1562 1288 1629 posset.
1306 1557 1462 1616 Leudastes
1486 1566 1555 1616 tunc
1576 1573 1671 1617 comes
1687 1573 1750 1617 eum

140 1647 232 1706 sancti
245 1644 373 1714 Martini,
387 1649 420 1704 ut
430 1644 570 1715 diximus,
580 1644 732 1714 residebat,
746 1644 825 1702 misit
840 1643 989 1703 Ricuiium
1034 1642 1062 1701 ei
1075 1643 1108 1702 in
1122 1659 1220 1711 amore
1230 1644 1430 1719 Fredegundis
1451 1646 1571 1703 insidias
1585 1646 1723 1717 tenderet,
1737 1662 1750 1705 a

142 1729 199 1807 [Al.
217 1730 379 1806 Riguilum]
397 1729 617 1804 subdiaconum,
629 1736 662 1790 ut
672 1731 699 1788 ei
712 1730 870 1789 consilium
882 1730 991 1789 occulte
1032 1744 1115 1789 mum
1128 1745 1233 1803 pueros
1245 1731 1319 1805 ejus,
1340 1732 1436 1806 quiin
1452 1748 1524 1807 pago
1538 1734 1646 1806 egressi
1673 1738 1746 1797 216

140 1819 283 1895 proeberet
289 1818 442 1893 expetendi
457 1817 607 1877 basilicam
621 1819 713 1877 sancti
720 1818 846 1877 Martini.
860 1816 915 1887 031
924 1825 1021 1885 3313Β
1031 1819 1242 1878 circumventos
1251 1819 1324 1879 dolis
1336 1819 1431 1892 gladio
1444 1820 1607 1893 trucidavit,
1620 1823 1750 1898 ipsumqu

140 1908 268 1979 abiisset,
283 1908 320 1967 ab
333 1907 389 1966 3113
407 1913 487 1983 parte
508 1907 646 1967 Gailenus
661 1918 672 1945 ⁶
686 1922 758 1981 puer
779 1906 843 1980 ejus
862 1905 990 1966 advenit.
1032 1925 1111 1969 mere
1125 1910 1255 1985 cupiens,
1273 1911 1298 1971 si
1323 1912 1448 1986 reperire
1472 1913 1533 1971 loco
1552 1918 1713 1986 opporiuuo
1734 1926 1750 1985 p

140 1996 273 2072 Cumque
284 2010 408 2070 parrum
425 1994 560 2053 solatium
586 1994 638 2070 qui
662 2010 730 2054 eum
746 1993 889 2053 ducebant
901 1992 992 2053 habe·
1033 1994 1089 2055 Sed
1105 1996 1155 2055 ille
1170 1998 1616 2070 3333111333336331313333ῃί,
1633 2003 1660 2069 et
1677 2012 1708 2056 se
1721 1995 1751 2056 ul

140 2096 216 2159 rent,
232 2089 345 2161 abipso
365 2085 486 2146 Gaiieno
502 2088 533 2146 in
556 2087 660 2146 itinere
674 2102 815 2147 excussus
837 2091 889 2154 est,
913 2101 992 2160 oper
1032 2083 1173 2157 sidereus,
1190 2086 1328 2146 redeunte
1340 2086 1483 2147 biarileiio
1499 2086 1663 2145 ‘archiatro
1681 2086 1749 2160 dep

142 2180 230 2250 toque
244 2174 345 2249 capite,
359 2176 538 2249 indutusque
562 2183 641 2234 veste
660 2174 801 2246 saeculari,
826 2175 901 2234 beati
914 2177 991 2235 Mar·
1031 2175 1119 2249 regis,
1129 2175 1334 2249 comprehendi
1349 2176 1485 2251 praecepit
1500 2196 1506 2235 :
1522 2190 1689 2249 caesumque
1702 2191 1750 2249 gra

141 2264 195 2323 tini
211 2262 349 2336 templum
362 2263 490 2337 expetiit.
509 2262 598 2321 Nobis
613 2270 709 2323 autem
727 2262 829 2323 Missas
842 2265 991 2325 celebrari·
1032 2262 1126 2323 ablato
1139 2280 1211 2323 auro
1227 2271 1405 2341 argentoque
1418 2267 1491 2340 ejus,
1518 2271 1547 2325 et
1573 2264 1694 2339 reliquis
1714 2262 1750 2321 331

142 2352 229 2424 tibus,
251 2353 284 2410 in
298 2359 426 2412 33331331
449 2352 608 2424 basilicam,
633 2360 730 2429 aperta
749 2355 894 2427 reperiens
907 2357 990 2427 ostia,
1032 2368 1131 2413 secum
1146 2354 1312 2428 exhibebat,
1340 2356 1455 2415 nudum
1480 2356 1608 2431 reliquit.
1636 2355 1671 2412 Et
1696 2353 1750 2412 iuis

140 2444 289 2517 ingressus
302 2448 354 2500 est.
379 2440 445 2499 Post
465 2440 567 2500 Missas
592 2446 688 2501 autem
710 2440 801 2514 petiit,
818 2447 851 2501 ut
862 2442 889 2500 ei
909 2443 989 2502 eulo-
1032 2445 1750 2519 31133333331313333333113113311331313331

143 2534 205 2607 gias
219 2533 313 2592 ιι(1333
333 2530 513 2590 deberemus.
540 2530 608 2590 Erat
628 2539 726 2590 autem
750 2538 819 2592 tunc
840 2533 991 2593 uobiscum
1033 2534 1105 2593 siam
1121 2534 1294 2609 expetisset:
1308 2551 1397 2611 quem
1412 2552 1462 2595 nos
1476 2542 1572 2610 postea
1583 2535 1750 2594 indutums

140 2622 347 2697 Raguemodus
370 2621 520 2680 Parisiacae
546 2621 622 2680 sedis
644 2622 804 2696 episcopus,
820 2623 871 2697 qui
894 2629 992 2683 sancto
1033 2624 1079 2697 tis,
1096 2624 1211 2684 obtenta
1236 2626 1296 2685 vita
1318 2627 1466 2686 Pictorum
1488 2629 1664 2686 remisimus.
1695 2624 1750 2682 hier

141 2709 285 2771 Germano
300 2716 482 2769 successerat.
503 2708 584 2779 Quod
605 2725 674 2769 curn
699 2710 901 2782 refutaremus,
919 2719 991 2777 215
1032 2730 1101 2777 reto
1115 2715 1150 2774 de
1162 2722 1241 2789 patre
1254 2722 1342 2790 atque
1357 2733 1480 2776 noverca
1495 2717 1587 2776 multa
1608 2714 1750 2774 criminal

139 2798 203 2873 ipse
217 2799 340 2858 clamare
353 2799 439 2869 coepit
458 2807 486 2856 et
500 2798 603 2870 uicere,
621 2799 698 2871 quod
714 2815 771 2858 non
797 2805 872 2859 recte
893 2817 961 2861 eum
975 2818 992 2860 3
1033 2811 1103 2864 tur:
1120 2820 1187 2879 quae
1199 2821 1266 2865 eum
1288 2822 1325 2864 ex
1346 2802 1426 2882 pdrte
1438 2823 1505 2865 vera
1520 2813 1623 2877 essent,
1639 2805 1723 2863 eredo
1737 2818 1750 2861 3

140 2889 346 2948 communione
368 2888 432 2946 sine
449 2888 571 2946 fratrum
594 2888 780 2948 conniventia
801 2888 991 2965 suspendere·
1032 2908 1092 2952 non
1108 2893 1196 2952 fuisse
1211 2895 1281 2959 ileo,
1295 2901 1329 2954 ut
1342 2895 1404 2952 haec
1417 2910 1470 2968 per
1484 2895 1579 2953 hlium
1597 2894 1750 2967 vulgarent

140 2990 218 3034 mus.
233 2973 288 3032 Illo
303 2980 401 3041 autem
423 2976 485 3032 haec
499 2975 622 3047 dicente,
646 2990 713 3034 curn
727 2990 871 3035 consensu
893 2977 990 3037 fratris
1032 2979 1064 3039 in
1076 2980 1266 3054 mouentibus
1278 2981 1409 3053 cognovi.
1426 2979 1555 3050 Quadam
1572 2980 1650 3037 enirn
1671 2979 1750 3037 diea

139 3064 193 3139 qui
205 3080 331 3139 praesens
344 3072 413 3137 erat,
436 3072 590 3124 contestata
604 3081 690 3126 causa
708 3068 847 3127 canoniea
860 3081 891 3140 0,
908 3069 987 3128 3313-
1032 3067 1116 3128 mum
1128 3068 1191 3142 ejus
1203 3068 1309 3126 ascitus
1324 3077 1352 3135 ⁸,
1368 3069 1440 3127 dum
1453 3068 1559 3141 pariter
1581 3068 1750 3127 sederemus

139 3154 202 3229 gias
220 3155 336 3214 anobis
359 3155 476 3230 accepit.
492 3155 609 3213 Veritus
629 3162 726 3215 autem
752 3172 830 3229 sum,
856 3172 893 3216 ne
919 3157 1101 3235 dumflciier
1113 3155 1194 3230 petiit
1208 3155 1306 3229 aliqua
1318 3157 1354 3215 ad
1367 3157 1586 3216 instructionem
1608 3157 1717 3215 animas
1741 3156 1750 3215 1

141 3244 484 3303 unumacommunione
495 3243 716 3318 suspendebam,
728 3247 758 3305 in
772 3246 879 3306 multos
889 3246 993 3305 existe-
1032 3257 1101 3302 rero
1124 3248 1248 3301 reserato
1276 3242 1437 3301 Salomonis
1457 3244 1539 3325 libro,
1562 3245 1741 3303 versiculum

140 3345 203 3388 rem
232 3329 387 3389 homicida.
412 3330 576 3395 diluebatur
595 3330 674 3389 enim
692 3332 805 3406 aliquos
830 3332 866 3391 de
885 3332 992 3408 populo
1033 3331 1236 3392 musoccurrit
1261 3332 1381 3419 arripui,
1406 3333 1456 3406 qui
1485 3333 1545 3393 1333
1571 3333 1750 3391 continebat:

142 3423 240 3477 nostro
265 3417 434 3488 interficere,
460 3417 483 3475 si
513 3419 748 3478 communionem
775 3425 903 3478 nostram
930 3434 992 3479 non
1034 3420 1547 3495 3313333333333333311333331,
1573 3423 1704 3492 effodiant
1728 3438 1750 3478 31

142 3505 306 3566 3133313331.
321 3505 602 3580 Multastamenpro
624 3506 678 3565 bac
692 3523 779 3567 causa
793 3508 937 3571 Turouica
950 3526 994 3570 re·
1033 3509 1248 3569 de'conoctitbes
1265 3511 1356 3577 (Ρνου.
1370 3520 1412 3579 13,
1433 3509 1485 3572 ii).
1511 3507 1564 3566 ilio
1589 3523 1703 3584 quoque
1723 3523 1750 3566 31

142 3596 191 3671 gio
218 3596 357 3656 sustinuit
375 3596 479 3656 clades.
502 3597 556 3657 His
575 3596 678 3657 diebus
695 3598 824 3660 Nicetius
837 3599 884 3659 vir
897 3600 993 3675 neptis
1033 3603 1148 3677 figente,
1162 3603 1342 3662 considerari
1358 3604 1439 3662 hunc
1453 3605 1630 3663 versiculum
1645 3623 1661 3663 a
1676 3605 1750 3664 [lom

141 3702 224 3761 meas,
238 3687 385 3763 propriam
407 3689 517 3748 habens
541 3705 667 3762 causam,
686 3690 724 3750 ed
737 3691 990 3764 3333133333-
1031 3697 1173 3765 paratum.
1200 3688 1285 3748 'func
1307 3689 1414 3747 direxit
1431 3691 1750 3764 uunairramnusipue

140 3792 207 3851 gem
221 3776 293 3835 abiit
306 3792 373 3837 cum
387 3777 507 3838 diacono
520 3784 627 3851 nostro,
640 3778 692 3854 qui
712 3780 773 3853 regi
783 3780 884 3854 133331
896 3781 991 3840 Mero·
1032 3778 1186 3839 mulierem
1211 3776 1378 3852 quamdam,
1398 3777 1453 3835 sibi
1477 3777 1536 3849 jam
1556 3779 1697 3851 cognitam
1718 3795 1737 3838 a

142 3866 226 3926 vechi
241 3875 378 3927 narraret.
394 3869 505 3939 Quibus
517 3868 598 3942 visis,
611 3868 809 3942 fredegundis
817 3870 918 3945 regina
929 3870 988 3929 ait:
1032 3866 1193 3925 Gbariberti
1219 3866 1304 3937 regis,
1321 3865 1474 3923 habentem
1500 3866 1633 3940 spiritum
1648 3867 1750 3940 pythor

140 3953 345 4029 Exploratores
359 3965 436 4028 sunt,
455 3965 483 4016 et
504 3958 541 4017 ed
563 3957 766 4016 3313333133]
780 3957 851 4030 quid
861 3965 927 4031 agat
938 3974 992 4017 rex
1033 3970 1100 4032 quaa
1129 3962 1212 4013 erant
1238 3962 1379 4013 eventura
1407 3962 1546 4012 narraret.
1574 3956 1750 4031 Asserebatj

141 4038 333 4122 advenerunt,
361 4057 394 4109 ui
417 4048 508 4108 soiaut
534 4047 605 4122 quid
628 4046 799 4106 hierovecho
813 4050 990 4109 renuntient.
1033 4045 1126 4119 ipsam
1144 4042 1199 4101 sibi
1215 4042 1351 4100 antehoc
1367 4048 1488 4114 tempus,
1512 4043 1680 4102 3311331331
1699 4060 1750 4102 333

140 4132 178 4193 ut
193 4135 290 4193 statim
303 4136 477 4212 exspoliatos
495 4136 527 4194 in
551 4133 689 4194 exsilium
714 4136 824 4194 retrudi
846 4139 990 4212 praecepit,
1033 4140 1060 4192 et
1076 4133 1154 4191 diem
1169 4138 1197 4191 et
1210 4132 1321 4201 horam,
1341 4131 1371 4188 in
1397 4146 1454 4204 qua
1468 4147 1521 4190 rex
1534 4131 1750 4193 charibertuso

140 4221 178 4282 de
193 4238 251 4297 quo
263 4238 362 4284 mense
379 4225 501 4300 sepu'mo
521 4221 635 4296 expleto
658 4221 781 4282 relaxati
806 4231 883 4284 sunt.
899 4224 993 4299 Igitur
1032 4223 1193 4283 nuntiasse.
1209 4220 1280 4291 Quae
1299 4221 1361 4279 haec
1375 4222 1401 4279 ei
1416 4236 1467 4294 per
1485 4238 1589 4295 pueros
1601 4225 1739 4283 mandata

140 4310 320 4387 chilpericus
340 4313 460 4373 nuntios
482 4309 518 4370 ad
537 4325 588 4368 uos
606 4310 725 4382 direxit,
745 4310 862 4370 dicens:
891 4311 993 4388 Ejicite
1036 4312 1182 4371 Futurum
1194 4316 1237 4369 est
1250 4310 1331 4368 enim
1342 4317 1374 4368 ut
1387 4325 1440 4368 rex
1451 4309 1631 4384 Chilpericus
1646 4313 1700 4370 hoe
1718 4328 1750 4371 at

144 4408 301 4478 apostatam
316 4402 402 4462 ilium
414 4403 450 4461 de
461 4399 596 4460 basilice:
611 4400 658 4459 sin
675 4407 773 4460 autem
796 4400 887 4474 aliud,
906 4407 995 4461 131331
1037 4403 1103 4476 3131,
1134 4410 1162 4460 et
1186 4400 1375 4460 hierovechus
1401 4416 1454 4458 rex
1481 4401 1609 4460 exclusis
1634 4400 1750 4463 fratribt

143 4493 292 4568 regionem
308 4491 873 4568 1113311331333333133311331333333
891 4494 1024 4589 sceeri-D
1036 4495 1129 4568 capiat
1145 4506 1277 4566 regnum.
1299 4489 1343 4549 Tu
1363 4506 1431 4549 rero
1453 4490 1590 4549 ducatum
1617 4492 1704 4550 totius
1727 4506 1750 4550 13

143 4580 315 4655 psfssemus,
330 4578 509 4657 impossibile
529 4594 592 4660 esse
612 4579 690 4654 quod
709 4580 886 4656 temporibus
901 4582 992 4642 harre·
1035 4582 1121 4642 anuis
1135 4581 1267 4655 quinque
1281 4577 1401 4638 tenebis.
1416 4578 1504 4638 Sexto
1520 4593 1587 4637 rere
1597 4593 1675 4637 auno
1688 4580 1722 4638 13
1738 4594 1750 4641 1

173 4761 261 4816 'lieo
283 4763 375 4825 rerba,
393 4760 573 4814 3313133111
593 4775 654 4817 3333
673 4763 909 4830 vigintiquatuor
926 4764 991 4817 11111-
1032 4759 1163 4827 capitulla
1190 4761 1255 4813 suni
1281 4760 1337 4822 831,
1365 4770 1439 4809 num.
1466 4757 1496 4808 i:
1517 4754 1548 4808 111
1573 4757 1605 4806 de
1631 4755 1750 4822 oblatfs'i

144 4830 194 4890 lie,
212 4833 310 4885 desunt
320 4834 348 4885 iu
359 4832 466 4885 Bethor.
1031 4834 1134 4886 rantur
1149 4831 1317 4897 3333131331
1333 4827 1531 4882 consecrationi
1545 4830 1750 4892 reperientes

172 4902 274 4958 δ8311).
303 4904 331 4955 13
358 4902 548 4964 denaniorum,
573 4908 621 4970 331
643 4909 758 4963 vocalia
773 4907 916 4963 1111113313,
938 4910 992 4963 hu·
1018 4902 1167 4965 11113313,
1194 4906 1252 4966 posi
1277 4901 1424 4952 litatorum
1442 4897 1583 4960 achmete,
1609 4899 1657 4962 qai
1680 4910 1750 4951 comi

145 4965 199 5019 1133
226 4965 348 5018 subsistit
368 4980 384 5018 3
403 4969 549 5022 conditoris
563 4982 591 5020 er
608 4971 688 5033 primi
704 4969 808 5023 abbatis
825 4973 913 5024 333311
936 4972 991 5024 (13-
1032 4987 1088 5028 non
1106 4973 1217 5038 [3333111
1235 4974 1342 5036 parati,
1362 4970 1438 5023 ohtnt'
1455 4966 1750 5022 3133331131333111131

142 5037 215 5090 arieti
237 5037 357 5097 nomine,
373 5039 455 5103 vulgo
471 5036 659 5093 831111-031313
685 5040 795 5101 dictum,
821 5041 874 5094 sub
895 5041 992 5097 ordine
1033 5046 1132 5098 3311133
1145 5043 1359 5108 accipiendam.

145 5109 171 5158 8.
189 5106 330 5160 Benedicti
357 5111 385 5161 et
408 5110 621 5175 congregatione
648 5113 672 5164 S.
695 5112 788 5165 Mauri.
813 5112 992 5166 observabis
1063 5115 1192 5178 ·itegm.,
1205 5114 1369 5165 contestatos
1386 5122 1497 5162 33313111
1507 5110 1678 5163 cononicam.

143 5176 298 5232 1131313331
319 5179 347 5231 13
366 5184 533 5236 monasterio
558 5188 694 5236 versatum
718 5184 806 5237 fuisse
827 5187 858 5236 ut
883 5184 992 5236 clerica·
1064 5185 1147 5238 fiiii.
1162 5178 1429 5247 Marsicitbbflegm,
1444 5182 1578 5247 1133113113-

145 5251 218 5303 iibus
242 5252 343 5302 muniis
368 5255 532 5317 erudiretur,
557 5260 583 5307 et
615 5260 718 5308 restem
734 5255 888 5308 clericalem
911 5267 993 5307 1133-
1065 5254 1299 5317 scolb.,occesst'·

144 5321 230 5375 culari
254 5321 340 5376 luisse
365 5324 537 5377 dissimilem.
564 5325 594 5377 itt
626 5327 737 5390 quidem
764 5326 914 5391 Gregorius
938 5326 989 5379 lfa·
1063 5325 1181 5384 icore,
1198 5319 1750 5389 333333331.83111.,33133331333113331

144 5403 219 5456 gnus
243 5392 324 5456 iussit
348 5396 425 5459 epist
453 5395 481 5447 iti
501 5395 548 5447 hb.
565 5409 592 5460 v,
613 5402 643 5449 ut
665 5397 744 5461 pueri
759 5400 838 5461 angli
854 5396 988 5450 inGeiiiae
1061 5396 1128 5448 ¹sio
1154 5395 1241 5456 corb„
1266 5396 1348 5458 Beli,
1377 5395 1452 5448 colb
1479 5396 1505 5446 et
1537 5393 1617 5447 Becc.
1643 5390 1750 5444 331311

143 5465 317 5517 monasteriis
329 5467 418 5519 infide
434 5465 618 5519 erudirentur.
1030 5466 1278 5530 donichramnum,
1297 5479 1358 5533 333
1380 5466 1462 5519 33133
1473 5463 1597 5517 litterula
1610 5462 1750 5516 mutetiod

172 5542 182 5564 ‘
199 5534 467 5600 81311333,,11311.31
486 5537 591 5601 Regae
604 5537 697 5590 ceteri
709 5535 854 5590 1133131131.
1027 5550 1144 5604 puerum
1168 5537 1377 5596 aGuntramno,
1405 5549 1459 5588 non
1478 5549 1493 5588 3
1524 5535 1647 5588 11333133
1670 5534 1750 5588 Genu

173 5602 329 5660 *11313311
355 5606 524 5670 automatum
549 5609 671 5672 acceptio
696 5620 747 5674 pro
768 5607 890 5674 quolibet
923 5619 986 5661 313-
1028 5610 1063 5664 ad
1074 5609 1261 5674 pythonissam
1273 5606 1469 5661 consulendam
1483 5606 1598 5659 missum
1615 5605 1712 5660 fuisse.

140 5674 264 5738 3133313,
285 5676 404 5730 maxime
426 5688 442 5728 3
466 5677 533 5731 viris
552 5679 605 5743 piis
629 5681 720 5739 311333,
745 5691 807 5734 cum
828 5678 937 5732 3113313
956 5691 988 5733 33
1059 5679 1124 5732 1813
1149 5680 1238 5737 corb..
1273 5677 1343 5732 Bell.
1374 5680 1402 5731 et
1434 5678 1527 5741 tiotb.;
1558 5678 1651 5729 ceteri
1693 5688 1750 5732 333

137 5753 216 5800 uere
239 5755 338 5809 333331
367 5746 538 5803 benedictum
569 5749 712 5812 3133111331.
748 5748 910 5806 hincmarus
957 5751 988 5804 fu
1027 5747 1195 5803 hordeacias
1214 5747 1327 5802 13311311
1339 5746 1484 5814 fratribus·
1503 5747 1558 5801 lox
1570 5759 1621 5800 333
1638 5750 1683 5803 331
1693 5750 1750 5803 ins
