3736 6248
178 338 247 396 lust
677 322 707 380 S.
727 320 891 380 uuucoutt
912 318 1063 379 triscol‘t
1083 318 1295 377 autumemus
1760 329 1822 382 tout

179 457 263 513 misit.
275 452 427 522 AEquumne
440 465 505 515 ergo
525 454 567 506 est
586 460 614 504 ut
638 461 664 504 tu
678 449 712 504 de
726 455 795 502 terra
811 445 834 498 al
847 459 898 499 ena
921 458 967 498 ve·
980 447 1006 505 A
1018 440 1141 494 mittimus
1159 439 1316 495 debitoribus
1343 440 1439 496 uostris
1465 439 1567 514 tillet..
1591 443 1653 514 li).
1671 442 1726 499 llic
1749 444 1825 515 igitur

169 536 261 599 'uteru
276 543 365 612 rapias
385 555 446 597 euru
460 543 493 596 dc
516 555 596 594 manu
622 535 733 611 nostrai
758 534 872 605 'Noveris
896 533 968 588 enim
1022 543 1132 587 sanetus
1152 531 1263 587 blartius
1278 531 1371 587 beatus
1391 531 1484 597 abbas,
1500 534 1649 589 sartctitate
1665 536 1823 603 praelarus,

182 638 311 708 quianon
327 639 376 689 lroc
399 631 542 687 sustinebit
561 632 699 702 qnisquam
720 638 852 695 nostrum,
867 627 913 682 sed
926 626 970 681 laic
1020 623 1120 679 divinis
1134 623 1254 680 eruditus
1280 623 1386 689 studiis,
1403 622 1481 693 lrtrjrrs
1495 624 1643 679 sententian
1659 624 1766 679 botrum
1781 640 1822 681 re·

180 725 337 795 sepelietur.
361 724 481 780 listrona
503 721 664 790 respondit:
688 719 718 776 Si
743 734 852 790 germen
879 718 970 787 stirpis
1022 713 1206 779 tinuitcnrde,
1223 722 1250 768 ut
1277 713 1393 770 libenter
1418 713 1574 780 dimitteret,
1592 713 1822 784 delinquenti;et

182 818 241 886 ejus
254 813 399 886 inquit-itis,
415 828 447 869 cx
463 812 523 867 aliis
543 810 586 865 bic
600 809 752 881 regionibus
765 808 934 873 adventavit,
947 807 970 862 si
1021 818 1074 858 ιιοιι
1093 804 1179 859 solum
1207 805 1308 874 ignovit
1328 819 1438 872 trusam,
1449 819 1539 860 verum
1566 805 1654 859 etiarn
1682 813 1821 861 strauere·

183 920 266 977 aquas
280 904 397 960 llunuuis
411 900 540 973 ingeritis,
554 916 646 970 parurn
657 899 729 954 sitim
739 899 797 969 elus
808 897 968 961 mollierunt,
1022 893 1135 965 prtcbult
1149 896 1273 965 gratiam,
1285 911 1319 950 ne
1333 897 1360 950 in
1374 895 1463 964 aliquo
1478 895 1558 951 vilem
1575 896 1713 952 redderet
1720 896 1817 966 culpati

182 1012 261 1068 quam
277 996 363 1067 potius
377 1010 393 1050 e
406 995 476 1051 creto
491 990 669 1048 manauslous
683 991 729 1046 ille
744 991 878 1046 restinxit.
892 987 971 1043 Cum·
1022 1000 1175 1056 personam.
1189 985 1243 1042 Sed
1270 994 1333 1041 ante
1357 987 1465 1059 1219
1477 987 1511 1042 de
1534 989 1751 1043 conversatione
1764 988 1820 1056 ejas

184 1106 235 1162 que
249 1093 305 1144 true
330 1097 358 1146 et
371 1086 555 1159 lrtrjnsccmudi
572 1087 642 1142 iuter
655 1098 686 1140 se
703 1080 783 1140 rerba
807 1082 970 1154 proferrem,
1022 1092 1104 1148 pauca
1127 1076 1242 1133 locuturi
1260 1091 1371 1144 sumus,
1387 1080 1539 1149 priusquam
1562 1077 1599 1134 ati
1625 1077 1715 1149 liujus
1731 1082 1821 1150 gratia

182 1168 971 1252 etbipidiacenscsellossalanmo,etdepositossrcopbago
1021 1170 1181 1227 beneficium
1195 1170 1366 1227 accedamus.

175 1286 243 1327 enm
266 1270 381 1339 sepelire
394 1273 552 1335 niterentur,
564 1267 717 1323 convocatis
732 1275 853 1321 matrona
868 1263 971 1320 solatiis
1057 1264 1076 1318 l.
1093 1262 1174 1334 igitur
1188 1263 1359 1320 beatissimus
1382 1263 1653 1327 blartius,.drverute
1675 1263 1755 1320 urbis
1775 1264 1820 1320 ab

184 1359 261 1435 [Ed.,
280 1358 410 1432 auxiliis],
427 1360 523 1429 lugetis
550 1358 721 1429 pagensibus,
733 1359 823 1427 rapuit
848 1366 970 1413 sanctum
1021 1353 1070 1409 bas
1083 1354 1145 1423 (du.
1161 1353 1224 1422 525,
1242 1353 1276 1408 ts
1298 1354 1409 1425 aptit),
1432 1355 1552 1425 ejtrsdem
1575 1355 1710 1411 territorii
1740 1356 1820 1413 iusso

183 1467 291 1522 eorpus,
306 1466 336 1506 ae
353 1451 423 1506 lcrre
437 1451 519 1520 coepit
538 1451 564 1504 in
585 1451 683 1504 leretrn
702 1450 839 1504 edricum
856 1447 971 1503 Transa·
1021 1443 1107 1501 incola
1120 1444 1214 1512 iertur,
1227 1452 1281 1500 eta
1297 1445 1412 1515 pueritia
1435 1460 1484 1501 sua
1512 1445 1670 1516 religiosam
1687 1461 1771 1517 agetis
1783 1449 1820 1500 ri-

184 1544 345 1605 liscensem,
361 1542 496 1610 dispositis
511 1542 537 1594 ln
562 1541 658 1594 itincre
685 1539 854 1611 psallentium
876 1538 971 1594 turritis
1022 1543 1087 1603 um,
1102 1546 1185 1590 totum
1199 1550 1229 1590 sc
1255 1535 1303 1593 Dei
1319 1536 1448 1604 operibus
1475 1537 1619 1592 dedicavit.
1654 1537 1726 1592 Erat
1748 1537 1818 1594 euim

184 1651 244 1689 rum
268 1634 404 1697 crucibus,
434 1634 583 1703 cereisque,
609 1643 689 1703 atque
717 1633 802 1688 odore
829 1628 971 1702 tragrantts
1021 1640 1118 1694 parcns
1133 1625 1248 1692 incibis,
1263 1625 1352 1695 largus
1366 1625 1393 1681 in
1415 1626 1617 1698 eleemosynis,
1633 1629 1818 1697 promptusis

185 1723 376 1796 tlrgmiamntis.
393 1723 467 1790 (ιιοιι
483 1723 520 1777 illi
544 1733 696 1789 cernentes,
712 1724 868 1793 punitentia
893 1722 969 1785 muti,
1021 1716 1131 1787 vigiliis,
1146 1716 1172 1771 in
1188 1716 1354 1772 orationibus
1379 1717 1457 1772 valde
1480 1716 1594 1773 devotus
1609 1733 1617 1772 s
1634 1720 1702 1773 totis
1716 1716 1817 1774 viribus

185 1817 313 1870 arriserunt
324 1823 384 1885 post
406 1815 704 1884 rnatronarn,tticemcs
721 1833 728 1868 ι
745 1815 914 1871 Peccavimus
928 1808 1157 1882 re-glusuriam
1189 1808 1357 1888 abstinentiae
1384 1808 1475 1874 irene,
1501 1824 1532 1863 ac
1564 1810 1708 1879 graecitatis
1733 1823 1818 1880 agone

185 1907 305 1961 sistenda
316 1905 373 1972 tilrl,
391 1905 509 1976 prolecto
523 1908 594 1961 enim
609 1909 796 1977 cognoscimus
809 1909 835 1962 in
847 1908 897 1961 lanc
911 1921 971 1963 esse
1022 1916 1167 1967 coercens,
1181 1916 1216 1957 ne
1228 1900 1278 1956 sibi
1293 1900 1393 1972 aliquid
1416 1902 1560 1970 subrepere
1575 1909 1682 1972 posset.
1695 1899 1753 1956 Non
1768 1902 1817 1956 ira·

185 1995 289 2050 Danriui
313 1999 578 2062 u·ulurrtutem;nuue
607 2010 696 2052 atrteur
720 1998 833 2066 petimus
864 2009 890 2051 ut
919 2013 970 2052 non
1024 1996 1120 2050 merito
1136 1994 1247 2049 blartius
1263 1995 1403 2060 vocitatus,
1419 1995 1463 2064 qui
1477 2004 1563 2050 marte
1581 1994 1740 2064 triumphali
1755 1993 1815 2063 pal·

184 2089 340 2157 abjiciamur
356 2089 390 2143 ab
405 2088 485 2160 liujus
501 2089 601 2144 initieris
625 2090 772 2159 obequiis,
785 2090 831 2145 sed
847 2091 972 2144 admitta—
1023 2085 1138 2141 lulantes
1168 2086 1303 2140 actionum
1331 2086 1483 2141 mortalium
1515 2086 1698 2155 cogitationes
1730 2084 1816 2154 gladia

186 2194 246 2233 mur
259 2179 355 2236 ollrciis
369 2182 436 2250 ojus.
451 2179 497 2235 llla
522 2196 627 2251 quoque
641 2181 852 2250 permittentem
873 2196 971 2251 seque·
1024 2177 1138 2246 Spiritus
1148 2178 1232 2233 saneti
1246 2177 1341 2247 inipso
1351 2179 1520 2234 emicationis
1532 2178 1608 2250 ibid„
1620 2175 1815 2249 dimicatione]

184 2279 288 2336 rentur,
304 2271 464 2342 eortiunctus
485 2281 526 2327 est
551 2280 662 2342 uterquc
677 2274 807 2342 populus3
822 2282 849 2327 ct
873 2275 911 2327 sic
926 2286 973 2342 pa·
1023 2269 1134 2325 exordio
1149 2269 1314 2339 succidebat,
1328 2286 1379 2325 nnn
1401 2272 1497 2326 surdus
1519 2270 1635 2343 auditor¹
1654 2273 1816 2343 apostolica

184 2361 252 2417 riter
273 2377 357 2433 usque
378 2363 410 2417 ad
432 2361 679 2417 Tratrsaliacensctu
705 2363 792 2417 vicum
820 2361 971 2430 venientes,
1023 2361 1218 2417 exhortationis
1236 2361 1307 2417 dicta
1332 2376 1546 2417 commemorans
1573 2378 1581 2416 t
1609 2363 1749 2433 decingitr
1772 2378 1816 2417 sos

184 2454 325 2509 celebratis
340 2456 442 2519 missis,
467 2455 574 2508 beatum
599 2469 698 2524 eorpus
725 2471 784 2509 cum
806 2470 910 2509 summo
925 2454 971 2507 lto·
1022 2462 1155 2506 ormoturo
1177 2452 1223 2506 llei
1246 2458 1269 2507 rt
1291 2452 1379 2523 gladio
1406 2453 1522 2524 Spiritus
1547 2454 1641 2518 suncti,
1659 2462 1689 2507 ut
1715 2453 1815 2524 possitis

185 2558 250 2600 nore
260 2546 409 2615 patritioque
434 2548 607 2616 sepelierunt.
627 2546 655 2600 ln
680 2561 733 2615 quo
747 2545 807 2600 vico
831 2547 929 2612 saepius
943 2560 972 2601 se
1022 2545 1103 2615 ignito
1117 2543 1213 2598 dioboli
1227 2544 1278 2598 telo
1289 2553 1450 2598 contemnere
1462 2541 1544 2616 (Dplr.
1556 2559 1594 2612 ut,
1607 2542 1651 2611 ll,
1669 2543 1727 2615 tt).
1740 2542 1816 2598 Cum·

185 2637 356 2692 beatissimus
382 2638 408 2692 in
424 2639 566 2692 virttuibus
591 2636 749 2691 declaravit.
764 2637 816 2691 Sed
845 2643 872 2691 et
897 2636 970 2705 bipi-
1022 2651 1075 2706 que
1089 2636 1121 2690 ad
1138 2637 1209 2691 illum
1220 2637 1307 2692 aetatis
1325 2637 1451 2706 legitimae
1472 2636 1664 2706 perfectionem
1686 2637 1814 2700 venisset,

187 2729 275 2795 diaeo,
287 2736 315 2782 nt
338 2729 444 2800 1218
460 2742 539 2797 snpra
566 2725 667 2796 preclari
696 2742 797 2791 sumus,
814 2727 972 2796 plerumque
1023 2735 1050 2780 et
1063 2734 1187 2795 tanlquam
1201 2725 1275 2783 sidus
1286 2727 1422 2797 egregium
1441 2727 1466 2780 ln
1482 2728 1531 2780 lrae
1544 2728 1610 2781 urbe
1625 2727 1756 2799 fulgeret,
1770 2725 1816 2780 ad·

187 2835 254 2891 epus
268 2821 327 2890 ejus
341 2833 462 2875 sarrctnm
487 2818 646 2881 ostenditur,
670 2828 782 2889 uterque
798 2820 868 2872 cuim
898 2819 972 2873 locus
1023 2816 1250 2888 luteoliquidsibi
1273 2819 1369 2876 deesse
1392 2828 1497 2888 putans,
1519 2820 1589 2874 lraud
1611 2821 1709 2890 procul
1736 2819 1815 2875 absa

188 2897 266 2967 tetrius
280 2911 370 2966 Sancti
387 2909 716 2980 prnsitlilscournunirnr.
731 2910 761 2963 Et
778 2910 812 2962 lor
820 2909 897 2962 tussis
910 2921 972 2977 quo·
1022 2909 1144 2974 secessit,
1160 2920 1322 2980 acceptaque
1343 2912 1463 2975 sarculo,
1478 2918 1596 2965 monitam
1611 2911 1750 2980 lapideum
1763 2926 1816 2966 cse-

187 3003 308 3058 rumdam
325 3001 516 3057 incredibilium
532 3002 641 3055 latratus
661 3000 695 3054 de
722 3000 762 3054 tris
791 3010 902 3054 curratur
924 2999 971 3054 ob·
1022 3002 1189 3069 dereeoepit,
1206 3004 1231 3056 iu
1252 3017 1304 3072 quo
1318 3003 1430 3059 cellulas
1439 3003 1581 3072 scalprus,
1600 3003 1755 3058 habitacula
1765 3003 1816 3058 sibi

186 3102 322 3164 strepere,
335 3094 458 3149 trovetiut
471 3107 486 3146 a
501 3107 543 3148 me
562 3096 648 3147 visum
664 3091 810 3147 Dendatum
833 3092 972 3163 presbyte-
1024 3095 1131 3162 parvula
1145 3091 1208 3148 lecit
1222 3109 1229 3146 ε
1244 3094 1348 3149 scilicet
1369 3104 1398 3149 ιιι
1421 3094 1520 3149 arctius
1542 3094 1699 3149 sobrietatis
1721 3105 1817 3151 caterua

186 3197 255 3253 rum,
271 3199 401 3240 summam
423 3184 585 3254 octogenarii
612 3182 662 3238 avi
685 3183 825 3246 lerentem,
841 3184 887 3252 qui
906 3183 970 3237 milti
987 3195 1009 3258 C
1025 3188 1195 3252 etrustrlctus,
1212 3185 1314 3241 lucilius
1338 3187 1393 3243 Deo
1415 3188 1593 3257 omnipotenti
1610 3204 1722 3255 urceum
1737 3191 1817 3245 thura

186 3273 245 3330 lraec
266 3283 296 3329 ut
317 3276 416 3345 scripta
443 3283 506 3329 sunt
533 3275 663 3339 comulit,
692 3274 853 3329 cnrrllrrnans
881 3288 971 3328 sacra·
1025 3275 1259 3348 laudationumque
1274 3279 1501 3335 holocaustomata
1517 3295 1598 3350 super
1611 3283 1704 3337 cordis
1724 3283 1818 3338 mundi

186 3374 277 3422 metato
290 3365 355 3421 mim
367 3381 398 3422 se
411 3367 445 3423 de
470 3366 511 3423 lais
524 3367 642 3422 admisto
657 3367 796 3422 mendacio
823 3382 971 3424 enarrasse.
1023 3368 1107 3424 altare
1133 3369 1284 3438 proterret,
1310 3372 1431 3427 recolens
1461 3372 1601 3426 Dominum
1626 3373 1732 3430 dixisse
1770 3389 1818 3444 per

477 3499 590 3558 CAPUT
612 3500 667 3556 nv
1025 3459 1196 3530 Evarrgelium
1215 3477 1222 3512 ι
1237 3458 1314 3515 lrrtto
1330 3464 1357 3515 in
1369 3462 1530 3528 cubiculum,
1548 3472 1573 3519 et
1587 3463 1679 3519 clauso
1691 3466 1758 3520 ostio
1771 3481 1817 3520 ors

671 3541 679 3557 ⁹
1023 3548 1129 3605 Putrem
1144 3560 1227 3618 tuum,
1243 3561 1268 3605 et
1284 3550 1363 3608 Pater
1375 3564 1436 3609 tuus
1449 3555 1564 3624 quiuidet
1578 3556 1604 3609 in
1616 3556 1744 3610 obscum
1758 3558 1817 3612 red·

1025 3641 1065 3695 det
1078 3642 1123 3695 tibi
1138 3641 1246 3710 (llottlr.
1259 3659 1297 3709 ιι,
1312 3643 1351 3712 b).
1368 3646 1475 3701 Sciebat
1495 3650 1566 3702 en³m
1581 3656 1608 3701 et
1621 3648 1753 3718 arrgeticae
1765 3650 1816 3706 sibi

222 3730 345 3800 liugnam
365 3727 443 3784 nobis
455 3728 544 3784 divina
566 3727 652 3798 pletas
664 3728 775 3799 largitur
789 3737 972 3798 augmentum,
1023 3732 1184 3788 visitationis
1207 3734 1416 3791 corisolatlorem
1432 3737 1525 3792 adlnre
1538 3742 1560 3791 si
1574 3753 1605 3793 se
1625 3737 1662 3793 ab
1692 3740 1817 3797 humanis

186 3838 247 3879 cum
260 3821 365 3877 delictis
378 3820 476 3876 nostris
492 3820 548 3875 lleri
562 3820 689 3890 praecepit
709 3821 743 3874 de
758 3819 916 3876 remissione
930 3835 974 3875 re·
1022 3824 1175 3892 aspectibus
1187 3825 1290 3896 longius
1303 3829 1456 3884 antovisset.
1472 3828 1501 3883 lu
1514 3829 1562 3885 lmc
1572 3844 1637 3901 ergo
1647 3845 1719 3901 rupe
1729 3831 1816 3888 carati

186 3913 300 3984 lugium,
313 3912 336 3968 si
352 3913 520 3982 ignoscamus
535 3910 740 3982 negligentibus,
751 3911 774 3967 sl
788 3911 972 3983 indulgeamus
1024 3916 1133 3983 montis,
1150 3916 1321 3973 lralritatlonis
1339 3929 1367 3973 ut
1386 3919 1501 3974 diximus
1515 3924 1667 3976 necessaria
1683 3938 1816 3993 praepara-

187 4004 356 4070 laedentibus,
371 4004 394 4059 si
405 4003 557 4059 odientibus
568 4018 617 4059 nos
629 4019 644 4060 e
658 4005 792 4059 contrariu
803 4004 972 4059 commodum
1023 4005 1080 4075 bat,
1097 4007 1215 4064 lurmans
1236 4010 1262 4064 iu
1275 4012 1359 4066 antris
1371 4027 1404 4068 cx
1430 4014 1488 4082 ipso
1510 4013 1597 4082 lapide
1624 4029 1779 4081 stamnum,
1790 4026 1817 4072 ιι

187 4097 381 4155 betredietionis
409 4098 610 4169 impertiamur,
640 4097 747 4154 dicente
774 4097 885 4152 Domino
909 4096 973 4153 lesu
1023 4098 1146 4154 sellulam
1161 4097 1186 4167 l,
1202 4101 1258 4156 sive
1274 4101 1411 4169 lectulum,
1426 4102 1453 4158 iu
1470 4118 1523 4172 quo
1535 4113 1595 4173 pust
1612 4105 1735 4160 laborent
1751 4108 1817 4160 mul·

183 4189 291 4248 cbristo
308 4209 315 4245 :
332 4189 438 4263 Diligite
451 4190 568 4244 inimicos
591 4198 695 4256 uestros,
707 4188 846 4260 benefacite
868 4189 908 4242 bis
929 4189 973 4259 qui
1025 4199 1080 4245 tum
1098 4189 1161 4246 lessi
1176 4193 1326 4261 corpusculi
1342 4195 1461 4262 requiem
1485 4193 1645 4264 indulgeret.
1662 4195 1716 4251 Sed
1740 4205 1816 4250 eraut

184 4286 292 4339 oderunt
306 4299 360 4353 eos,
376 4293 481 4339 etorute
504 4301 550 4356 pro
567 4283 779 4339 calumniantibus
794 4293 817 4337 et
826 4272 974 4355 persequeri-
1024 4281 1082 4337 lime
1104 4283 1338 4354 immobiliaque
1363 4298 1395 4338 er
1417 4282 1476 4354 ipso
1499 4285 1586 4355 lapide
1611 4288 1697 4340 ineisa
1722 4301 1816 4341 massa

184 4375 250 4430 tiitts
265 4390 318 4445 vos,
331 4384 358 4429 ut
381 4375 437 4429 sitis
449 4375 497 4444 ulti
510 4373 600 4430 Putris
626 4374 703 4430 uestri
725 4374 769 4446 qui
793 4375 822 4429 iu
846 4374 915 4429 roelr's
936 4382 973 4428 est
1024 4372 1074 4442 ipsi
1096 4381 1195 4442 petrem
1212 4373 1424 4430 ciulraercbunt:
1439 4375 1505 4431 rrilril
1533 4386 1632 4446 autem⁸
1650 4393 1735 4447 super
1755 4392 1814 4432 carn

185 4465 294 4536 (bluttlt.
310 4481 336 4529 v,
351 4463 397 4531 tt,
413 4462 471 4533 is).
484 4465 553 4522 Ecce
567 4482 646 4536 quam
668 4481 792 4537 maguum
817 4467 970 4520 thesaurum
1023 4478 1084 4518 cuttu
1108 4463 1260 4532 quiesceret
1280 4465 1428 4532 sternebat,
1445 4466 1495 4520 uisi
1520 4476 1620 4521 tantum
1647 4483 1713 4523 cum
1737 4470 1816 4522 vesti·

184 4564 329 4626 corrgrcgat
354 4563 525 4624 contemptus
550 4557 616 4626 irte,
645 4556 826 4612 reconciliatio
841 4556 971 4623 damnati,
987 4560 1013 4623 1)
1027 4565 1118 4611 mento
1134 4573 1186 4626 qun
1200 4557 1308 4613 indutus
1323 4566 1382 4612 erat
1404 4558 1590 4627 decunrbebat,
1606 4575 1657 4613 nec
1674 4563 1745 4615 alios
1771 4561 1817 4614 lra-

185 4647 309 4702 remissio
321 4644 430 4714 judicati
448 4663 455 4699 :
473 4646 554 4699 lilium
569 4654 595 4701 te
609 4645 656 4701 Dei
685 4647 770 4702 Patris
799 4646 972 4712 lactuculae
1026 4647 1215 4718 benstapetes,
1227 4650 1366 4719 plumellas
1378 4660 1425 4707 aut
1435 4652 1676 4723 stragttla,quibus
1688 4656 1817 4728 luecups-

401 3615 440 3672 Dr
451 3626 539 3672 saneto
551 3616 648 3671 liertio
659 3616 759 3672 olbotr.

91 4748 94 4756 ’
184 4741 274 4797 eedem
296 4738 393 4796 Christi
410 4737 530 4807 ascribit,
542 4738 695 4794 coelestibus
723 4747 749 4794 tc
764 4737 852 4809 regnis
868 4738 971 4794 ltablta·
1025 4738 1159 4805 rirentur,
1175 4741 1225 4795 nisi
1249 4755 1310 4796 cum
1332 4743 1389 4812 ipse
1416 4743 1533 4811 desuper
1551 4744 1732 4798 consedisset.
1747 4744 1816 4798 llilril

182 4845 271 4891 torem
282 4834 384 4889 statuit.
398 4828 651 4888 Undomanilestnm
663 4828 863 4887 estoblitterari
875 4828 970 4885 delicta
1024 4831 1096 4886 euim
1110 4831 1224 4888 babebat
1246 4834 1382 4903 proprium
1407 4835 1512 4907 1220
1525 4834 1575 4889 rusi
1595 4834 1641 4888 Dei
1662 4838 1777 4900 cultum,
1793 4839 1816 4890 ir

181 4924 241 4994 eius
254 4925 281 4979 iu
294 4923 365 4979 coelo
384 4922 427 4991 qui
453 4921 617 4991 delinquenti
641 4917 800 4974 bertellcium
820 4919 905 4974 venius
918 4920 970 4975 int·
1026 4937 1079 4993 quo
1094 4923 1251 4979 indellciens
1266 4926 1449 4995 permanebat.
1463 4925 1568 4982 Victum
1582 4926 1607 4982 ei
1619 4928 1756 4983 interdum
1771 4929 1817 4983 tle·

184 5019 296 5087 pectitur
309 5018 335 5071 in
350 5017 459 5071 seculo.
474 5015 520 5072 Sic
533 5015 603 5069 etaim
626 5013 756 5069 [lontinici
768 5011 824 5070 oris
838 5014 971 5069 serrteutia
1026 5028 1147 5071 votorum
1161 5018 1265 5089 largitio
1280 5021 1458 5077 ministrabat.

184 5109 285 5178 prolata
309 5117 421 5161 testatur
446 5126 452 5162 :
486 5106 526 5173 Si,
542 5106 643 5176 iuquit,
657 5106 803 5161 dimiseritis
828 5107 972 5160 lonriuilttts
1061 5110 1092 5164 ll.
1109 5110 1228 5180 Denique
1246 5120 1273 5167 et
1296 5122 1412 5170 aeternus
1434 5113 1572 5181 Dominus,
1587 5115 1630 5184 qui
1643 5114 1748 5188 jugiter
1762 5118 1819 5188 glo·

183 5201 515 5272 peccotneorum,diruittct
533 5209 556 5253 et
584 5199 662 5253 Pater
677 5209 756 5271 uester
784 5197 891 5252 coelestis
914 5213 974 5268 pre·
1024 5201 1111 5258 rillcat
1133 5216 1240 5258 sarrotos
1264 5218 1338 5273 suos,
1355 5204 1559 5275 coepitetelestu
1575 5204 1670 5260 trunti
1693 5209 1817 5264 nterituur

183 5301 239 5346 (ιιι
254 5298 336 5344 restro
351 5286 457 5360 (battle
473 5304 509 5353 lt.
535 5286 589 5357 ¹⁸l·
606 5285 673 5342 0⁰¹⁰
699 5302 763 5342 V0l0
785 5287 919 5357 llll)lites
935 5287 974 5341 lt·
1025 5293 1167 5364 terrigenis
1181 5294 1328 5361 declarare,
1344 5296 1386 5352 vel
1407 5295 1495 5365 qualis
1508 5304 1580 5350 esset
1601 5296 1693 5352 cultor
1707 5313 1763 5353 suae
1780 5298 1819 5351 di-

183 5383 272 5438 urulus
287 5380 366 5436 tloeet
379 5392 469 5443 orare.
484 5377 522 5432 tit
538 5376 602 5434 :Sit
616 5379 683 5432 euim
700 5378 789 5432 dicetis
800 5378 834 5431 td
848 5375 973 5432 Patrem-⁸
1026 5386 1144 5441 vinitatis
1154 5387 1314 5456 ostendere,
1328 5389 1390 5442 dum
1413 5387 1439 5441 ei
1459 5387 1627 5443 curationum
1648 5390 1765 5456 gratiam
1780 5388 1819 5442 di·

184 5477 288 5529 ltrruitte
298 5472 369 5529 nobis
381 5470 465 5526 debito
480 5480 583 5535 nostro,
598 5470 815 5542 queurrdmodrtm
829 5480 852 5524 et
873 5485 919 5524 uss
931 5471 972 5524 tli-
1024 5487 1120 5545 gnatus
1130 5485 1172 5531 ost
1187 5476 1328 5547 impertiri.
1342 5474 1408 5530 llam
1428 5475 1565 5531 darrraues
1578 5474 1613 5531 de
1624 5477 1748 5535 obsessis
1759 5491 1819 5532 ιιι·

219 5658 231 5685 ·
246 5648 323 5703 Cnlb.
351 5662 491 5702 inuuere...
506 5651 591 5715 grato.
616 5641 689 5709 Dal,
700 5658 746 5714 pro
772 5657 909 5698 murrae...
926 5660 971 5700 ιιι
1063 5655 1139 5712 ‘Sic
1153 5653 1246 5722 colu,
1261 5654 1367 5712 atDoll.
1382 5663 1410 5710 et
1420 5653 1539 5724 plerique
1552 5655 1613 5722 Ed„
1627 5656 1719 5712 insiste
1731 5671 1820 5712 unsre

185 5717 276 5782 “billi
286 5719 360 5772 vllem
371 5717 429 5772 ”illl
442 5715 556 5771 lmese·
1023 5725 1072 5796 ipsi
1086 5738 1172 5797 petrus.
1186 5726 1254 5793 uu,
1268 5727 1349 5781 inrisu
1359 5726 1460 5792 nutiles,
1476 5736 1528 5780 etc.

220 5783 233 5822 ὅ
253 5787 454 5853 ild.,cetttrlttrn.
472 5783 540 5839 luite
557 5781 637 5848 uolt,
653 5782 893 5853 sessocorpusruln.
1547 5812 1551 5821 ·
