3736 6248
658 288 689 350 S.
708 289 888 353 sandomir
906 286 1073 353 seisudei
1091 290 1328 355 TURONENSIS

437 412 560 475 CAPUT
574 414 651 475 XIX.
973 419 1000 479 Α
1308 420 1430 481 CAPUT
1452 422 1561 481 xxiii.

383 506 422 559 ΒΘ
435 510 571 561 mmmm
585 510 611 559 ⁹⁸
625 519 701 561 6300·
1234 522 1351 575 Decacca
1369 538 1401 576 oc
1414 521 1499 577 debili
1508 523 1635 578 serandis.

152 599 292 659 bitoreus
307 611 319 639 ¹
333 603 573 675 auemqumam,
594 618 632 661 ox
658 602 780 662 infantia
805 619 857 662 sua
880 618 969 663 mern·
1051 618 1146 677 1128
1162 622 1220 681 uec
1241 623 1374 683 dissimili
1399 626 1505 686 virture
1530 626 1650 686 murier
1670 624 1731 687 iim

116 686 178 747 brIs
200 686 315 759 debilis,
335 690 486 749 accedente
510 690 590 749 iebre
616 700 740 749 caecatus
764 698 826 751 est:
858 692 907 751 sed
932 692 968 750 ad
1010 708 1226 769 pnqepavpnsjs
1252 711 1336 781 ciij,
1361 712 1419 770 ,qq
1447 712 1543 771 incola
1570 712 1731 775 erm-iem.

116 776 295 849 superiorem
308 776 430 836 veniens
452 776 650 845 festivitatem,
677 778 792 837 directis
818 780 966 851 arembris,
1010 802 1097 855 tracta
1118 812 1151 855 ὃς
1167 799 1297 861 0213,an
1313 799 1367 857 qa,
1388 800 1543 860 festivita„
1564 802 1697 869 directa·
1726 804 1731 863 j

116 865 228 927 lumine
247 872 342 926 tamen
360 868 455 925 adbuc
470 867 586 941 dempto
599 868 730 927 discessit
758 868 814 928 Sed
838 884 906 928 cnm
931 868 967 927 ad
1010 890 1094 959 mque
1108 885 1247 946 discessit,
1264 886 1319 945 sed
1333 893 1360 945 e,
1374 888 1607 961 qhffimunqffi,
1627 906 1668 949 ΒΧ
1682 890 1731 951 ΒΗ·

116 952 192 1013 banc
210 954 318 1014 iterum
333 970 482 1027 regressus
506 955 608 1013 luisset
627 955 849 1029 solemnitatem,
872 972 968 1016 eriem-
1007 972 1113 1033 poppis
1126 974 1256 1045 veniens,
1278 976 1385 1035 ,qftuqe
1397 976 1471 1035 beati
1486 978 1641 1039 mistim
1660 980 1731 1041 ,effi¹

116 1045 174 1119 ptIs
190 1046 323 1119 tenebris,
344 1044 444 1105 lumen
458 1045 484 1104 ei
495 1046 606 1104 clarnrn
622 1047 754 1106 exoritur
766 1049 788 1103 ὓ.
1007 1067 1060 1119 est,

444 1160 563 1220 CAPUT
577 1160 642 1219 XX·
669 1194 674 1203 ,
1319 1134 1441 1194 CAPUT
1451 1136 1556 1195 XXIV.

400 1250 466 1303 prem
482 1247 515 1301 dp
530 1248 585 1302 „150
602 1262 678 1302 cm,
882 1290 887 1297 ,
1103 1237 1142 1290 Dc
1151 1237 1285 1306 plenarias
1305 1239 1380 1291 cacis
1401 1240 1649 1307 energumcaa'sque
1662 1254 1731 1295 sarta

152 1338 186 1395 ln
211 1336 266 1395 bae
293 1336 379 1396 etIam
403 1337 558 1397 testivitate
579 1343 607 1395 et
625 1334 795 1397 leudardus
821 1348 841 1409 ⁶,
866 1352 968 1397 servus
998 1360 1004 1371 ·
1044 1337 1077 1395 In
1091 1336 1182 1411 buius
1196 1339 1283 1397 etiam
1299 1340 1488 1401 solemnitatis
1503 1342 1550 1401 die
1563 1343 1732 1403 virtutem:

118 1426 247 1487 Emnerii
259 1428 436 1487 NamnetIcae
448 1428 530 1486 urbis
544 1428 668 1493 diaconi,
688 1444 755 1487 oum
770 1444 821 1503 per
843 1444 895 1489 sex
913 1444 968 1487 aa·
1011 1432 1179 1499 cooperante
1202 1426 1308 1485 Christi
1332 1429 1433 1500 gratia,
1450 1438 1675 1502 persenserunt.
1702 1432 1731 1493 Ni

117 1517 542 1577 noscaritatistuissetcatena
557 1518 742 1585 constrictus,
764 1519 800 1576 ad
819 1518 968 1579 basilicam
1011 1515 1177 1574 domandus
1199 1531 1293 1575 canens
1318 1524 1379 1589 post
1405 1525 1513 1591 septem
1538 1535 1640 1579 annos
1664 1522 1702 1581 ad
1726 1522 1731 1581 1

111 1606 257 1675 accedens,
274 1607 381 1666 virtute
401 1607 476 1666 beati
502 1606 680 1677 Coniessoris
704 1606 890 1667 illuminatus
914 1614 966 1667 est.
1011 1604 1120 1676 pratati
1135 1604 1281 1663 Antistius
1295 1606 1428 1677 veniens,
1447 1607 1546 1667 risum
1561 1610 1729 1686 recepitE

116 1692 171 1752 Per
182 1692 326 1753 visionem
339 1694 417 1752 enirn
433 1694 539 1752 somnii
558 1693 725 1751 admonitus
749 1693 842 1753 iuerat
855 1700 887 1753 nt
910 1694 968 1754 bn·
1010 1710 1097 1769 super
1118 1696 1168 1754 alii
1193 1697 1262 1755 caeci
1279 1697 1284 1735 i
1299 1697 1330 1755 In
1348 1699 1401 1756 bac
1416 1698 1572 1759 festivitate
1597 1702 1703 1763 risum
1724 1718 1731 1779 1

112 1781 164 1857 J'us
175 1782 267 1843 sancti
280 1783 392 1843 auxilia
404 1782 544 1857 flagitaret
558 1782 716 1841 antistitis.
976 1770 1086 1843 Bucari
1100 1786 1247 1844 Antistitis
1268 1796 1447 1861 receperunt,
1469 1796 1496 1847 et
1520 1792 1722 1867 energumeni

432 1899 555 1960 CAPUT
571 1899 649 1960 XXI,
1010 1874 1143 1934 mundati
1158 1885 1235 1936 suut.

113 1992 153 2047 lie
171 1993 286 2061 eulogiis·
308 2007 377 2063 quas
406 1994 560 2049 llotlrarius
580 1996 648 2049 cirris·
673 1994 821 2048 Turonr'cus
844 1994 967 2050 eustadii.
1323 1967 1446 2027 CAPUT
1456 1970 1546 2032 XIV.

155 2085 251 2143 1127
264 2088 391 2158 Quidam
403 2089 439 2149 dc
451 2090 564 2149 civibus
584 2088 747 2156 Turonieis,
773 2089 844 2149 dnm
867 2092 903 2151 ad
919 2107 968 2150 re-
1249 2070 1288 2121 De
1299 2070 1392 2138 pratella
1408 2086 1424 2123 a
1438 2070 1513 2137 tels-c
1526 2076 1642 2129 sanata.

113 2175 159 2249 gIs
183 2186 348 2250 properaret
370 2194 534 2245 occursum,
552 2193 601 2235 ras
618 2193 684 2237 rrum
708 2176 786 2247 vino,
813 2194 966 2255 unumque
1043 2170 1149 2229 Leonis
1163 2173 1322 2248 presbiteri
1336 2178 1426 2235 nostri
1450 2180 1620 2250 vernacula,
1641 2196 1731 2241 curua

113 2277 218 2336 panem
234 2264 268 2321 nd
297 2265 465 2338 sepulcrum
486 2282 544 2324 uua
571 2279 744 2325 inausurum
769 2274 852 2327 nocte
877 2268 966 2342 depo·
1009 2260 1065 2319 iam
1080 2262 1144 2319 urbi
1161 2264 1324 2336 proximam
1340 2267 1536 2339 parentalibus
1555 2270 1638 2329 ulnis
1657 2272 1731 2347 depo

112 2351 182 2421 suit,
195 2360 228 2410 ut
244 2352 352 2412 scilicet
370 2354 400 2411 in
420 2355 524 2413 itinere
537 2354 648 2427 positus
665 2356 720 2413 boc
737 2356 853 2415 baberet
865 2355 968 2413 saluus
1008 2352 1146 2419 cessisset,
1165 2354 1192 2411 ri
1207 2355 1295 2413 i'ebris
1308 2358 1492 2431 opprimitur,
1512 2366 1538 2417 et
1553 2360 1604 2419 die
1628 2378 1662 2421 ac
1678 2380 1731 2423 noc

114 2442 292 2516 praisIdIum.
312 2444 425 2514 Quibus
445 2446 552 2505 exiude
580 2448 746 2519 assumptis,
772 2447 827 2506 iter
853 2462 969 2519 carpere
1009 2447 1150 2499 coniinota
1174 2442 1204 2500 in
1232 2444 1333 2502 mortis
1351 2446 1519 2505 discrimine
1544 2450 1731 2523 comitano

116 2533 212 2605 erepit.
243 2532 364 2592 Factum
391 2539 432 2590 est
457 2540 553 2591 autem
581 2538 613 2591 ut
642 2541 781 2592 metatum
807 2534 966 2609 requireris,
1010 2528 1081 2587 dens
1109 2528 1258 2603 presbyter
1291 2532 1452 2591 emanimari
1476 2534 1619 2595 violentia
1653 2539 1731 2599 morb

114 2622 242 2681 bomiais
266 2623 418 2696 cujusdam
438 2622 636 2693 ingrederetur
662 2623 831 2697 bospitinm,
854 2624 968 2697 deposi-
1010 2634 1128 2677 ascenso
1156 2619 1253 2692 equite
1289 2620 1362 2694 ima,
1399 2631 1494 2696 aqum,
1527 2627 1564 2685 ad
1599 2627 1731 2689 papilia,

114 2710 210 2785 iisque
229 2708 361 2780 sarcinis,
382 2710 491 2768 mulier
519 2726 584 2783 quae
610 2708 733 2768 babebat
759 2711 892 2784 spiritum
913 2712 965 2769 im·
1011 2708 1186 2767 Coniessoris
1207 2711 1334 2781 accessit,
1356 2712 1532 2787 puisansque
1555 2716 1667 2775 ostium
1686 2716 1731 2777 ccl

114 2799 270 2867 muudum,
285 2798 361 2857 beati
376 2799 491 2858 Martini
507 2801 665 2859 adventum
684 2802 804 2860 roribus
818 2804 970 2861 immensis
1011 2813 1069 2873 qua
1092 2798 1218 2859 aalituns
1243 2802 1416 2874 quiescebat.
1438 2804 1535 2863 rIrum
1563 2808 1707 2867 suscitare
1725 2826 1731 2869 r

110 2887 290 2946 annuntiare
309 2888 557 2961 repraesumere
576 2908 582 2947 :
599 2889 673 2959 Quid
700 2904 753 2947 nos
777 2892 967 2965 persequeris,
1011 2887 1143 2963 Curiique
1157 2889 1304 2949 basilicam
1321 2899 1447 2951 sanctam
1464 2893 1580 2967 iagredi
1609 2912 1668 2956 non
1685 2896 1731 2957 val

25 3004 29 3009 ·
116 2977 244 3037 Sancte?
266 2977 337 3054 qnid
359 2979 545 3041 aoscrucias.
562 2996 644 3039 serve
667 2981 742 3039 lieit
768 2980 850 3039 Tunc
868 2982 970 3054 bospes
1010 2992 1073 3035 ram
1100 2978 1199 3037 absida
1230 2981 1355 3054 sepnieri
1386 2984 1460 3041 ludit
1494 2985 1659 3045 orationem
1695 3004 1730 3047 oo

115 3068 231 3143 iiteqni
252 3076 379 3137 verreret,
402 3078 517 3143 accepto
538 3070 636 3141 calice,
664 3069 878 3144 paululumque
906 3070 968 3128 riui
1010 3084 1165 3142 parumper
1180 3071 1215 3127 de
1238 3071 1356 3143 putrere
1383 3080 1506 3143 terreno,
1523 3075 1602 3147 quod
1617 3092 1719 3135 secum

116 3155 153 3213 de
166 3155 217 3213 illo
234 3170 301 3213 rase
316 3157 461 3226 auterens,
479 3158 606 3215 t'rustuni
626 3157 768 3215 benedieti
794 3159 879 3231 panis
897 3160 968 3216 lei·
1011 3156 1186 3225 nuseiesit,
1203 3173 1329 3229 reuuiqne
1350 3158 1488 3229 dilutam,
1504 3168 1537 3218 ut
1555 3162 1696 3235 puellulae
1714 3178 1731 3223 a

118 3245 242 3305 tractum
259 3247 355 3319 posuit
369 3246 399 3305 ia
423 3262 467 3305 eo.
483 3246 566 3315 Quod
583 3246 897 3323 ubimuiit·1·illaquae
918 3248 969 3306 de·
1011 3244 1080 3303 dura
1100 3246 1230 3321 protulit,
1245 3247 1378 3319 protinus
1392 3248 1479 3309 iebris
1490 3248 1642 3309 abscessit.

117 3330 310 3392 bacchabatur
324 3332 443 3405 accepit,
460 3346 540 3405 rrioii,
554 3348 622 3390 cunr
644 3333 787 3407 sanguine
810 3334 899 3408 ejecto
914 3334 971 3391 dae
1318 3373 1546 3434 0414.qu

118 3423 229 3495 monio,
241 3424 350 3483 salvata
366 3430 417 3483 est.
440 3421 552 3482 libain
568 3424 669 3483 eodem
696 3425 758 3484 ioco
778 3424 883 3485 mulier
903 3442 970 3500 qum
1339 3420 1348 3432 ¹
1452 3421 1488 3433 “
1549 3416 1557 3431 '

118 3511 201 3572 diua
218 3514 324 3587 frigore
345 3513 415 3587 lai,
432 3529 449 3569 a
473 3511 637 3587 drIgoribusl
664 3513 790 3572 febrium
804 3514 969 3587 aegrotabat,

118 3604 280 3677 acceptoab
300 3604 353 3663 bae
374 3602 573 3661 berruticrioae
603 3602 725 3674 modico,
751 3618 820 3662 iuox
835 3609 867 3661 nt
890 3618 968 3661 sum·
1055 3584 1150 3642 1¹²⁹
1172 3586 1279 3647 Filfflli
1306 3588 1390 3647 1¹0IJI⁵
1414 3605 1502 3648 Clusa
1526 3588 1668 3663 (lilffidfflss
1695 3588 1731 3649 0¹1

118 3692 185 3767 psas,
201 3699 300 3751 sanas,
313 3688 379 3752 ρει]
1014 3678 1090 3750 regis
1104 3676 1183 3763 adire
1206 3678 1400 3750 praeentiam.
1425 3675 1618 3750 Pergentibus
1643 3693 1731 3755 quoqt

433 3770 555 3830 CAPUT
567 3768 661 3828 xxii.
1014 3766 1068 3823 iter
1083 3782 1132 3839 per
1146 3782 1253 3840 pagum
1268 3768 1462 3827 liberneasern
1478 3770 1608 3843 aggressi
1626 3784 1731 3829 sunaus

390 3862 426 3915 bc
444 3864 580 3915 corrtracto
591 3859 703 3914 directo.
1014 3871 1140 3931 musque
1151 3858 1300 3917 bomiaotn
1314 3858 1469 3931 querndam
1481 3858 1533 3933 qui
1545 3860 1633 3919 nobis
1645 3862 1731 3921 relatu

128 3980 132 3987 -
159 3954 327 4017 Siquvquss
351 3955 444 4015 incola
459 3954 658 4028 pajocassiflus
675 3968 743 4013 cum
763 3954 795 4013 jn
811 3970 878 4015 mm
895 3954 974 4029 posi.
1015 3946 1150 4005 redactum
1164 3962 1307 4005 carcerem
1323 3949 1412 4022 hujus
1427 3949 1517 4017 urbis,
1536 3950 1565 4007 in
1582 3966 1643 4027 equo
1660 3954 1731 4013 iuter

124 4053 172 4106 tus
199 4051 364 4120 operaretur
395 4044 546 4121 quiddam,
573 4050 716 4103 commoto
749 4050 845 4116 rento,
870 4060 975 4119 pavore
1016 4039 1127 4096 vinctos
1151 4038 1241 4111 liujus
1270 4039 1399 4098 famulus
1429 4040 1589 4111 tenebatur,
1618 4042 1731 4103 blartin

122 4137 283 4212 perculsus,
305 4142 426 4194 tremere
449 4133 544 4207 cccpit,
569 4150 601 4191 ac
618 4135 755 4194 membris
770 4134 906 4193 omnibus
924 4135 975 4192 rie·
1017 4126 1105 4186 fuisse
1118 4126 1245 4197 dicebat;
1264 4128 1432 4201 vinctosque
1442 4129 1478 4186 ab
1495 4130 1645 4199 ergastulo
1666 4130 1731 4189 abso

123 4224 213 4290 stitui,
242 4222 510 4292 vociferabamur,
539 4227 565 4281 et
591 4222 646 4281 sibi
672 4232 793 4283 mortem
821 4223 975 4283 imminere
1014 4218 1156 4292 berosque
1168 4217 1340 4277 abscessisse
1363 4220 1500 4277 narraris
1520 4220 1590 4278 Erat
1607 4222 1691 4281 enim
1706 4222 1731 4279 ιιι

123 4309 305 4372 testabatur:
318 4308 432 4369 Interea
458 4310 698 4369 concurrentibus
724 4310 829 4367 vicinis
851 4310 888 4368 ad
915 4326 976 4383 spe
1014 4323 1111 4366 carcer
1130 4308 1169 4366 ita
1182 4314 1282 4378 tectus,
1301 4315 1334 4366 ut
1349 4324 1436 4382 super
1449 4315 1560 4367 struem
1576 4310 1729 4380 tignorum

122 4400 269 4459 ctaenlum
286 4396 342 4457 tale
358 4405 376 4466 t,
398 4398 459 4471 ipse
472 4397 548 4455 inter
562 4413 646 4457 voces
661 4405 689 4455 et
706 4398 847 4468 ululatus,
862 4406 973 4456 coatra—
1016 4396 1066 4455 lidi
1082 4396 1254 4471 superpositi
1276 4397 1490 4472 pulpitarentur
1500 4408 1519 4469 t,
1534 4413 1567 4456 ac
1585 4399 1726 4475 desuper,

124 4488 178 4547 etis
191 4488 300 4557 nervis,
315 4485 483 4545 debilitatur
495 4487 530 4544 ad
544 4486 691 4559 integrum
704 4506 712 4557 3
727 4495 754 4545 et
767 4504 825 4545 riou
840 4488 935 4547 solum
947 4490 1004 4549 eil]
1017 4485 1081 4544 deur
1096 4488 1302 4561 opprimerent,
1318 4487 1446 4560 iirsigncs
1463 4488 1580 4547 Inerant
1607 4490 1721 4563 lapides

124 4591 198 4637 usus
218 4576 335 4634 aurium
352 4575 519 4648 denegatur,
536 4576 725 4635 verumetiam
738 4583 766 4635 et
787 4576 848 4649 ipso
863 4576 976 4635 lamiae
1018 4574 1215 4634 llibilomiuus
1228 4581 1255 4632 et
1270 4575 1377 4633 ostium
1393 4575 1513 4633 carceris
1526 4590 1590 4633 sera
1607 4576 1688 4637 ferro
1697 4590 1731 4635 mr

124 4662 403 4724 caruItocculorum.
419 4664 485 4723 Post
496 4664 662 4739 quindecim
678 4680 744 4723 iero
755 4680 847 4723 aurias
860 4666 929 4725 dnm
945 4666 976 4724 iu
1017 4663 1103 4721 durio
1116 4663 1196 4720 clave
1209 4663 1324 4735 pessulo
1345 4660 1531 4721 obserabatur
1547 4687 1553 4720 :
1578 4664 1634 4722 sed
1649 4667 1731 4723 virtus

124 4756 180 4815 hae
194 4755 361 4813 infelicitate
377 4754 502 4828 degeret,
524 4754 560 4812 ad
581 4754 764 4812 festivitatem
787 4756 877 4813 saneti
899 4755 977 4813 blar·
1018 4754 1063 4823 tis,
1081 4760 1112 4813 ut
1126 4755 1187 4827 ipse
1205 4752 1310 4811 relator
1324 4754 1448 4812 asseruit
1471 4752 1581 4825 lapides
1603 4752 1731 4813 disnoin't

125 4842 180 4903 tini
195 4842 363 4916 adveniens,
387 4842 516 4903 solidatis
530 4842 680 4914 membris,
702 4840 853 4917 oculisque
878 4858 976 4915 recep·
1018 4843 1138 4917 pulpita,
1152 4850 1265 4901 catenas
1279 4843 1429 4915 confregit,
1444 4850 1472 4901 et
1491 4842 1603 4903 trabem
1618 4860 1690 4919 quas
1713 4860 1731 4903 i

126 4932 174 5008 tis,
189 4933 333 4993 abscessit.
1018 4936 1178 4994 coarctabat
1193 4934 1290 5008 pedes,
1300 4934 1422 5009 aperuit,
1438 4948 1471 4991 ae
1484 4948 1538 4991 nee
1552 4940 1688 4993 reserato
1699 4946 1731 4991 os

1251 3474 1290 3527 De
1301 3476 1461 3529 carcerariis
1477 3474 1622 3531 absolutis.

155 5060 250 5113 ⁸liditi
269 5072 332 5113 cum
355 5058 433 5119 diss„
456 5057 588 5112 dircaeus.
1021 5076 1083 5126 cap.
1100 5066 1137 5115 it.

156 5130 240 5185 titas.
253 5130 365 5197 aliquot,
378 5128 478 5181 lamini
491 5130 573 5184 dotas
588 5132 720 5186 caerites.
1052 5133 1063 5164 ⁸
1080 5134 1156 5188 lerle
1168 5133 1195 5184 tri
1209 5134 1294 5186 sartis
1308 5134 1390 5186 codd.
1410 5130 1547 5183 scribttar.
1565 5130 1611 5183 Sic
1629 5132 1711 5187 baud.

156 5202 265 5263 sediti,
298 5200 452 5254 mnesides
475 5214 568 5255 serem
586 5202 709 5256 Emaers’·
742 5204 815 5259 colb.
843 5208 870 5259 et
896 5203 977 5268 Clam,
1019 5208 1046 5257 at
1072 5204 1138 5256 bell.
1163 5208 1190 5255 ct
1215 5206 1292 5263 diss„
1319 5204 1493 5256 undisonas.
1512 5200 1589 5263 lact,
1610 5204 1731 5257 Badais

127 5273 265 5326 ilumeris.
1019 5274 1194 5327 Bricitomno.
1214 5277 1238 5326 S.
1258 5275 1294 5335 B,
1308 5274 1490 5327 Briscicoano.
1510 5272 1636 5339 benique
1648 5274 1726 5335 suu.

158 5345 256 5407 dliet,
298 5346 453 5398 enatam..
490 5344 646 5407 effracturas
683 5346 739 5411 alti,
775 5346 897 5413 snare...
936 5348 975 5412 cs·
1017 5347 1129 5407 amanet
1147 5346 1324 5399 barciliami.

123 5415 246 5483 fracto...
1049 5416 1161 5475 ¹baud..
1187 5416 1261 5479 bell,
1284 5416 1352 5470 (ilar.
1376 5418 1402 5469 et
1422 5414 1498 5466 Golb.
1529 5412 1652 5468 babent:
1674 5410 1731 5469 Ista

157 5490 257 5550 eset,
283 5484 433 5541 Sillimias.
460 5487 538 5551 clam,
566 5486 715 5541 dictrictae.
749 5488 829 5548 editt,
859 5488 977 5542 Siarilts'·
1018 5502 1103 5542 cecus
1127 5491 1186 5552 post
1215 5492 1316 5551 septem
1341 5499 1436 5549 canos,
1453 5487 1594 5538 nmmum
1617 5490 1678 5552 post
1693 5490 1731 5543 dt't

126 5560 208 5613 mim.
1019 5560 1132 5623 imsrper
1146 5558 1198 5611 etii
1209 5560 1270 5611 caci
1280 5560 1312 5612 ia
1329 5559 1386 5617 irae,
1405 5561 1457 5611 etc.

159 5630 235 5692 illd„
246 5630 439 5698 spectaculum,
456 5641 505 5694 per
514 5628 569 5684 iter
581 5630 647 5695 ipsc.
1050 5630 1145 5692 iniit,
1174 5641 1274 5683 asseres
1298 5628 1415 5683 aelidi...
1449 5625 1633 5693 pulrn'iarsrat.
1668 5628 1731 5685 m

157 5702 278 5767 tiliam,
316 5699 483 5757 Is'roas’cass's.
520 5700 578 5765 siit,
610 5699 772 5756 crassensis.
807 5704 868 5759 lide
895 5716 978 5770 supra
1019 5700 1133 5763 meliors
1150 5703 1284 5767 pulpitum
1297 5704 1397 5767 qnippe
1410 5706 1453 5755 est
1467 5700 1531 5755 teeti
1545 5698 1701 5766 luticiam.
