3736 6248
92 296 163 361 1017
625 308 656 371 8.
675 306 854 371 nneohmt
872 310 1040 373 nrtscoet
1057 304 1295 370 reboat-:hsta
1787 304 1845 369 ldfl

93 422 187 501 Surge
204 427 235 485 iu
254 429 374 487 nomine
391 426 510 501 Christi,
534 437 562 489 et
576 433 696 493 ambula
709 433 782 494 liber
801 442 842 503 ta
862 434 1018 499 nulloAia
1038 433 1105 493 aliis
1125 431 1311 493 basilicarum
1334 431 1485 505 altaribus,
1512 432 1546 492 in
1568 430 1689 508 quibus
1713 434 1746 489 et
1767 444 1842 489 euer-

94 516 174 577 euim
193 519 457 591 oomprebenderis.
478 524 515 580 ht
539 521 589 581 ille
610 524 640 582 in
663 525 714 582 hae
728 526 946 599 expergefactus
985 526 1105 599 gumeni
1120 522 1258 583 Sanctum
1275 524 1458 593 conliteutur,
1474 529 1500 581 et
1517 520 1617 581 tidelis
1631 520 1732 581 oratio
1745 520 1841 594 mpirs

95 622 165 667 ιιοιι
183 624 214 667 se
232 608 407 681 absolutum,
421 614 724 673 cateniscomminutis
744 618 946 691 contractaque
986 622 1165 689 promeretur
1184 614 1326 673 ellectum.
1353 608 1538 672 Phronimii⁸
1560 612 1657 687 igitur
1670 612 1839 685 agathensis

95 696 186 769 trube,
202 700 333 757 miratur.
347 700 405 759 Nec
431 712 567 771 moratus,
590 704 707 761 nemine
721 706 874 777 retinente,
895 722 945 764 us·
986 704 1110 777 episcopi
1127 703 1255 762 lamulas
1268 702 1412 777 epileptici
1419 702 1650 761 morbiaccessu
1658 700 1836 773 fatigabatur,

95 802 154 869 que
167 788 204 847 ad
227 790 292 863 ejus
313 789 479 863 sepulcrum
504 792 632 865 perrexit
652 793 947 868 intrepidus'lunca
987 792 1027 850 ita
1045 800 1077 850 ιιι
1094 792 1265 865 plerumque
1288 791 1393 851 ondens
1410 806 1444 850 ac
1454 805 1595 864 spumans
1606 790 1746 865 linguam
1766 804 1837 849 susm

92 868 192 955 jn'dice
202 879 329 938 noxialis
342 879 435 955 culpae
459 880 645 941 damnatione
665 898 811 957 concessa,
833 886 948 944 laxatus
987 882 1110 958 propriis
1122 884 1259 941 dentibus
1272 881 1408 941 laceraret
1424 888 1472 940 :et
1489 896 1556 940 cnm
1569 879 1600 939 ei
1618 896 1635 938 a
1651 880 1777 940 medicis
1786 878 1837 951 pln-

94 964 234 1027 abscessit
245 968 280 1025 ad
297 972 420 1043 propria.
988 976 1063 1035 rima
1074 976 1186 1043 herent,
1198 973 1344 1033 accidebat
1360 980 1402 1042 nt,
1427 973 1527 1047 paucis
1548 972 1708 1031 mensibus
1721 972 1836 1046 interpo-

132 1052 210 1115 v111.
224 1054 344 1116 Gratum
358 1068 401 1117 est
414 1058 488 1118 iliud
502 1061 570 1121 addi
584 1062 743 1134 miraculis,
759 1065 830 1139 quid
845 1080 948 1124 accen·
988 1064 1063 1129 sitis,
1079 1076 1137 1121 non
1151 1069 1343 1133 ungeretara
1362 1058 1463 1121 morbo
1477 1078 1485 1129 ;
1504 1058 1554 1118 sed
1565 1060 1677 1118 iterum
1693 1058 1728 1116 iu
1744 1056 1836 1117 recidi·

90 1146 219 1219 ,sus2ed
234 1147 340 1208 lectum
354 1151 418 1224 eius
432 1150 531 1210 lecerit
552 1151 707 1218 cicindilis,
726 1156 795 1228 quia
820 1155 950 1229 ingentia
990 1169 1062 1214 rum
1086 1150 1270 1212 ιιιιιίιιιιιιιί
1294 1167 1393 1223 ruens,
1419 1151 1503 1225 pejus
1530 1165 1622 1224 quam
1649 1149 1740 1225 prins
1754 1154 1837 1222 egeret

95 1241 166 1295 sunt
177 1252 245 1313 quae
260 1240 307 1298 hic
326 1238 451 1299 &nctus
465 1241 495 1298 in
512 1240 593 1299 caelis
609 1242 744 1301 habitans
767 1250 904 1317 operatur
919 1246 949 1300 in
989 1244 1159 1319 perferebat.
1176 1242 1319 1303 Dumium
1344 1256 1414 1302 vero
1430 1242 1493 1316 ejus
1515 1256 1583 1301 curu
1604 1240 1730 1299 vidisset
1757 1246 1837 1297 mnus

96 1324 190 1384 terris.
209 1324 303 1399 Igitur
317 1326 450 1397 lectulus,
466 1328 495 1385 in
507 1342 565 1402 quo
588 1328 711 1389 Sanctus
725 1332 874 1405 quiescere
889 1338 951 1390 erat
991 1337 1115 1393 virtutes
1136 1334 1173 1393 ad
1195 1332 1362 1408 sepulcrum
1386 1331 1462 1391 beati
1487 1330 1589 1389 Nicetii
1615 1328 1695 1400 lieri,
1711 1328 1786 1387 dixit
1805 1324 1836 1385 ad

95 1413 209 1486 solitus,
226 1416 334 1490 saepius
353 1417 502 1476 miraculis
516 1419 673 1478 adornatur
692 1420 868 1491 illustribus,
882 1422 951 1495 qui·
990 1439 1058 1483 eum
1073 1442 1081 1480 ε
1098 1420 1177 1480 i'ade
1198 1428 1227 1480 et
1252 1428 1433 1496 prosternere
1459 1434 1556 1479 coram
1575 1415 1715 1493 sepulcro
1740 1414 1836 1483 Sancti.

95 1516 154 1573 que
165 1502 269 1579 gmndi
284 1506 380 1563 studio
395 1505 432 1563 ab
446 1504 600 1564 AEtlrerio⁵
621 1523 701 1567 nunc
716 1508 849 1584 episeopo
860 1508 950 1567 labri·
989 1528 1078 1572 orans
1092 1518 1123 1570 nt
1137 1518 1164 1571 te
1175 1510 1314 1586 adiurare
1326 1510 1472 1585 dignetur.
1488 1508 1625 1579 Quicum
1636 1506 1725 1581 jrrssa
1738 1504 1839 1577 exples·

95 1596 178 1651 oelns
190 1592 376 1653 devotissime
387 1594 525 1654 adoratur
540 1611 600 1656 nou
625 1597 781 1669 immerito,
807 1614 875 1657 cum
897 1598 950 1657 lri·
991 1610 1044 1672 set,
1058 1616 1147 1659 sanus
1175 1615 1324 1673 regressus
1348 1605 1401 1671 est,
1416 1614 1470 1657 nec
1493 1598 1569 1656 ultra
1594 1612 1665 1657 eum
1685 1596 1737 1655 hic
1755 1592 1839 1669 attigit

97 1679 210 1755 goritici
235 1685 345 1758 saepius
368 1685 425 1745 snb
448 1702 482 1745 eo
515 1687 574 1755 siti,
598 1702 764 1763 compresso
785 1703 890 1763 vapore
918 1704 951 1747 ac
992 1692 1123 1767 morbus.
1138 1690 1285 1765 Septimus
1297 1689 1377 1749 enim
1392 1694 1452 1749 erat
1474 1703 1570 1747 annus
1592 1686 1631 1747 ab
1647 1684 1839 1746 incolumihlt

93 1768 211 1845 ffi8⁰l02
226 1770 386 1843 salvantur,
403 1775 559 1850 ceterique
573 1777 684 1837 inlirmi
702 1779 810 1838 ibidem
833 1779 983 1860 proiectig
993 1784 1085 1860 pueri,
1106 1780 1223 1856 quando
1237 1795 1304 1840 enm
1317 1778 1402 1840 nobis
1412 1779 1563 1853 episcopus
1573 1776 1775 1853 presentavit.

95 1858 229 1934 protinus
242 1861 443 1923 sublevantur.
459 1863 539 1924 Pulla
561 1866 670 1925 etenim
691 1868 819 1943 speciosa
835 1870 951 1942 legitur,
1034 1869 1130 1928 1198
1162 1870 1213 1931 tx.
1245 1870 1370 1942 Quidam
1395 1884 1466 1927 tero
1492 1882 1603 1942 pauper
1624 1867 1746 1925 virente
1770 1862 1838 1925 Sau-

96 1942 198 2019 lychni
210 1946 240 2005 in
256 1964 290 2006 ea
302 1949 410 2023 jugiter
428 1952 638 2015 accenduntur.
653 1954 736 2016 i'nns
748 1956 839 2031 igitur
853 1972 890 2015 ex
903 1956 952 2015 his
992 1968 1048 2033 cto,
1076 1962 1185 2020 litteras
1211 1959 1248 2018 ab
1273 1974 1307 2017 eo
1330 1957 1429 2017 elicuit
1452 1972 1542 2016 maun
1564 1956 1630 2030 ejus
1658 1954 1837 2031 subscriptas.

95 2050 148 2111 per
172 2037 363 2113 quadraginta
388 2042 451 2100 dies
484 2042 662 2119 totidemque
675 2102 681 2123 ,
695 2054 804 2117 noctes,
828 2053 860 2105 ut
891 2048 953 2120 ipse
992 2051 1118 2127 qualiter
1135 2048 1193 2109 sihi
1207 2064 1257 2123 per
1268 2038 1438 2108 devotorum
1450 2047 1552 2107 domos
1568 2044 1839 2121 eleemosynumds·

95 2124 223 2186 aedituus
247 2130 380 2200 asseruit,
405 2131 518 2207 absque
542 2132 633 2192 ullius
661 2134 782 2194 lomenti
807 2134 952 2209 adjutorio
991 2141 1116 2215 gitaret:
1138 2144 1202 2215 post
1226 2137 1310 2212 cuius
1336 2137 1460 2208 obitum,
1492 2135 1589 2195 adhuc
1613 2150 1683 2196 cum
1707 2136 1768 2211 ipsa
1786 2134 1836 2195 tir·

96 2212 266 2289 perdurarit
279 2218 445 2292 splendens,
459 2220 491 2278 in
508 2236 567 2296 quo
590 2238 644 2281 nee
668 2239 794 2299 papyrus
814 2235 824 2261 ⁸
843 2224 950 2295 addita,
992 2229 1095 2288 eniens
1116 2227 1248 2301 epistola,
1274 2240 1333 2284 nou
1358 2239 1448 2298 pauca
1472 2224 1509 2283 ab
1534 2223 1771 2299 eleemosynariis
1790 2236 1836 2297 pro

95 2316 152 2361 uec
168 2309 249 2377 gutia
261 2304 317 2364 olei
336 2307 472 2367 stillantis
481 2310 602 2383 adjecta,
615 2312 665 2370 scd
679 2312 709 2370 in
739 2312 801 2387 ipsa
818 2330 876 2388 qna
891 2314 950 2389 pri-
993 2315 1091 2376 Sancti
1104 2314 1244 2373 memoria
1257 2313 1396 2388 mpiehat.
1412 2310 1597 2370 Desiderium
1612 2312 1694 2371 euim
1707 2318 1766 2371 crat
1779 2326 1834 2371 om·

98 2399 399 2457 mamstatutustest
422 2402 640 2476 compositione,
660 2406 818 2477 permansit
839 2405 871 2464 in
887 2406 952 2465 luce
992 2404 1091 2475 nibus,
1114 2410 1147 2461 ut
1174 2402 1299 2476 quisque
1325 2399 1446 2458 vidisset
1467 2398 1714 2473 subscriptionem
1736 2398 1833 2469 Sancti,

97 2485 247 2561 praeclara.
264 2488 361 2563 Huius
383 2489 481 2551 Sancti
503 2494 642 2568 reliquias
657 2493 865 2570 Gallomaguus
883 2497 949 2555 Tri·
991 2494 1105 2570 aliquid
1117 2493 1260 2568 praeberet
1272 2490 1378 2565 egenti.
1395 2489 1475 2559 Quod
1495 2488 1599 2548 ridens
1624 2490 1747 2565 qnidam
1768 2488 1833 2549 Bur·

100 2576 283 2638 oessiuorum
310 2582 467 2655 portitor·
487 2583 609 2642 devotus
632 2585 762 2659 expetiit,
787 2601 854 2661 quae
881 2602 950 2646 cum
992 2583 1113 2660 guadio,
1147 2597 1206 2642 non
1229 2581 1385 2651 honorans,
1407 2595 1501 2653 neque
1524 2594 1670 2639 venerans
1696 2578 1831 2649 Sanctum,

100 2666 255 2742 psallentio
269 2672 339 2741 tlt,
356 2671 516 2744 psallendo]
530 2674 751 2741 deducerentur,
767 2684 796 2734 et
808 2692 952 2737 caecorum
993 2677 1147 2735 obserrme
1163 2687 1320 2748 pauperem
1329 2672 1444 2745 crepitu
1463 2671 1567 2743 longe:
1590 2670 1752 2745 ridensque
1773 2684 1831 2729 enm

98 2755 177 2817 oculi
190 2756 350 2819 illuminati
369 2768 440 2819 sunt
452 2765 687 2835 mrnmrirrute,
700 2774 728 2824 et
741 2765 867 2826 allorum
877 2783 952 2827 mor·
993 2768 1082 2827 silvas
1103 2768 1277 2839 ingressum,
1307 2764 1405 2835 irruit,
1430 2770 1457 2822 et
1482 2761 1604 2822 asbtnlit
1626 2762 1654 2821 ei
1672 2778 1725 2821 sex
1744 2774 1832 2822 aureos

99 2848 205 2911 horum
225 2865 331 2924 genera
357 2860 529 2912 meruerunt
550 2855 677 2929 recipere
701 2857 886 2917 medicinam.
907 2857 953 2917 Ad
993 2871 1059 2914 cum
1084 2852 1216 2929 epistola.
1236 2850 1429 2925 collisumque
1452 2850 1580 2910 calcibus
1602 2850 1723 2926 rehqnit
1742 2848 1830 2909 exani·

100 2956 284 3017 uosqhoque
305 2941 514 3018 laciclerginm,
538 2945 767 3019 dependentibus
792 2948 953 3008 rillissin-
994 2961 1081 3005 mem.
1103 2948 1141 3003 At
1155 2942 1205 3003 ille
1220 2942 1408 3015 intercalces,
1431 2950 1460 3001 et
1481 2941 1595 3019 reliqua
1616 2942 1746 3013 verbera,
1769 2942 1831 3001 hauc

100 3028 666 3109 testum,1192quodSanetussuper
684 3043 769 3112 caput
781 3038 812 3097 iu
824 3038 871 3097 die
895 3038 955 3097 obi·
995 3049 1095 3093 rocem
1109 3033 1226 3094 emisit:
1245 3031 1355 3107 Adiuro
1370 3040 1397 3090 te
1413 3047 1464 3106 per
1476 3031 1569 3092 Deum
1584 3032 1691 3093 virum
1710 3039 1738 3091 et
1752 3032 1829 3091 rirta·

29 3122 33 3127 '
101 3126 212 3185 tursut
239 3126 350 3194 hahuit,
375 3134 417 3186 est
447 3130 588 3202 perlatum
609 3155 616 3188 :
643 3131 722 3205 quod
743 3147 795 3191 nos
815 3132 1054 3221 tanquamsstem
1071 3126 1161 3184 sancti
1182 3124 1298 3194 Nicetii,
1311 3130 1342 3183 nt
1361 3122 1407 3182 vel
1423 3121 1574 3197 epistolam
1591 3122 1657 3197 ejus
1674 3122 1747 3183 mihi
1763 3118 1828 3181 reddi

102 3228 213 3275 munus
233 3217 348 3278 roelcste
372 3221 566 3294 suscepimus.
582 3220 702 3280 Factum
728 3228 772 3280 est
794 3228 957 3293 autemut
995 3214 1094 3285 tactas,
1117 3214 1187 3288 quit
1211 3212 1285 3271 mihi
1310 3211 1386 3271 ullffl
1398 3226 1456 3270 1¹0ss
1469 3211 1524 3270 elil
1538 3211 1608 3281 tila.
1624 3212 1648 3270 si
1664 3228 1728 3275 eam
1750 3210 1827 3286 perdi·

101 3312 166 3381 post
183 3305 246 3365 dies
271 3307 412 3380 plurimos
438 3309 475 3367 ad
501 3308 728 3369 benedicendam
749 3310 899 3369 ecclesiam
924 3312 954 3368 ia
995 3307 1075 3367 dero.
1100 3304 1152 3364 lile
1177 3320 1244 3362 rere
1271 3318 1304 3362 ca
1327 3302 1496 3377 projectaiu
1524 3308 1630 3360 terram
1649 3302 1731 3370 abiit,
1757 3316 1827 3377 qaam

101 3394 238 3469 parocbia
251 3396 476 3457 Patemaoeusi⁸
491 3399 573 3457 urbis
588 3399 954 3460 Turouicaeinritaremur.
996 3413 1106 3475 pauper
1118 3394 1259 3471 colligens
1281 3395 1361 3453 veuit
1377 3394 1412 3452 ad
1431 3393 1590 3463 ciuitatem,
1620 3400 1681 3451 erat
1702 3393 1778 3452 euim
1796 3389 1826 3449 ih'

102 3484 229 3555 Accessi,
242 3486 342 3555 lateor,
357 3487 468 3546 sacrari
482 3487 581 3557 altare,
595 3488 725 3563 decerpsi
741 3487 790 3547 lila
804 3490 840 3548 de
856 3490 955 3563 linteo,
997 3488 1099 3547 eodem
1113 3494 1240 3560 tempore
1259 3483 1448 3543 Phronimius
1466 3482 1628 3557 episeopus,
1652 3482 1737 3554 cujus
1758 3492 1827 3555 supet

103 3568 197 3630 loturi
221 3572 253 3629 iu
270 3572 398 3647 templo:
413 3574 498 3633 dictis
514 3575 623 3646 missis,
643 3578 715 3634 iacta
737 3578 875 3648 oratioue,
896 3578 955 3636 dis·
996 3579 1197 3640 meminimus.
1220 3578 1266 3636 Ad
1288 3591 1378 3651 quem
1405 3574 1544 3634 accedeus
1566 3587 1677 3647 pauper
1699 3571 1758 3644 ille,
1776 3570 1825 3629 ait:
1867 3631 1868 3638 ,

102 3660 187 3720 oeosi.
205 3661 309 3722 Paucis
331 3664 437 3723 deinde
452 3664 557 3725 diebus
579 3666 764 3740 interpositis,
789 3667 907 3726 adreait
920 3668 957 3726 ad
997 3670 1070 3729 liceo
1084 3669 1170 3727 homo
1184 3668 1236 3743 qui
1254 3682 1300 3725 me
1315 3667 1442 3740 graviter
1454 3678 1563 3724 eaesnru
1581 3660 1824 3755 exspoliaritahtj

103 3763 159 3809 uos
181 3748 303 3825 illoqui
323 3752 505 3818 inritaverat,
534 3755 633 3813 diceas
648 3776 655 3814 ε
671 3754 770 3815 Gaude
791 3755 821 3814 in
839 3759 959 3817 nomine
999 3757 1122 3829 tulitque
1138 3769 1191 3812 sex
1205 3768 1318 3822 aureos,
1332 3768 1406 3827 qnos
1421 3766 1471 3826 pro
1488 3751 1598 3810 intuitu
1612 3750 1743 3825 epistole
1754 3750 1824 3809 nuth
1867 3785 1868 3794 .

105 3834 234 3909 Domim,
254 3842 385 3899 sacerdos
400 3841 463 3908 Dei,
478 3842 721 3903 derirtutebcati
737 3844 959 3905 liieetiiautisti·
999 3845 1103 3905 Nicetii
1123 3856 1297 3916 accepemm.
1326 3841 1485 3915 Epismpns
1508 3846 1607 3899 autem
1634 3837 1760 3919 narrarit
1780 3835 1828 3893 het
1867 3837 1868 3874 ³

105 3924 154 3998 tis,
170 3930 958 4009 uamnoverisquiaostenditmagnummiraculurniu
999 3934 1119 3996 comiti:
1142 3934 1235 4007 judex
1259 3946 1328 3989 vero
1351 3938 1484 3989 vocatum
1508 3928 1756 4001 burgundionem,
1775 3938 1825 4023 pet·

95 4012 328 4091 eoolmioqaarn
350 4022 477 4079 sacrasti.
508 4022 608 4081 Caecus
634 4039 714 4082 curm
737 4033 797 4084 erat
826 4026 856 4083 in
886 4040 958 4099 pago
999 4023 1128 4083 euucmri
1142 4021 1229 4095 erepit
1247 4020 1332 4079 aheo
1356 4018 1428 4093 quid
1457 4017 1563 4076 exinde
1589 4016 1708 4077 diceret.
1731 4016 1827 4091 Negant

104 4110 203 4163 nostro
216 4104 355 4167 diuturna
368 4110 505 4169 caecitatis
518 4119 546 4170 ot
560 4104 695 4187 caliginis
709 4114 862 4174 oculorum
876 4123 960 4174 nocte
999 4122 1097 4175 autem
1109 4128 1203 4172 coram
1217 4111 1367 4182 omnibus,
1383 4110 1483 4169 dicens
1498 4132 1506 4167 ε
1522 4108 1596 4178 Quia
1610 4124 1760 4183 uunquam
1781 4102 1827 4163 ridi
1867 4101 1868 4114 ¹

104 4192 247 4267 detentus,
261 4200 310 4258 cui
324 4203 456 4275 apparuit
468 4203 514 4261 rir
528 4203 646 4279 quidam
668 4206 830 4278 pervisum
856 4206 958 4279 noctis,
1001 4202 1150 4265 hominem
1176 4203 1383 4276 brumaeque
1406 4216 1452 4258 lei
1477 4198 1540 4273 eius
1558 4197 1679 4257 abstuli·
1694 4198 1827 4273 Ellllwlm

104 4282 268 4347 dieenszsi
285 4288 329 4346 ris
341 4306 432 4350 sanus
445 4292 519 4359 heri,
544 4300 724 4367 prosternere
743 4294 773 4352 in
799 4294 959 4353 orationem
999 4302 1097 4353 autem
1128 4290 1273 4365 aspiciens
1306 4288 1468 4364 epistolam,
1502 4287 1575 4347 vidit
1610 4287 1828 4363 subscriptionem

105 4390 202 4436 eoram
215 4378 341 4439 basilicae
356 4382 445 4439 sancti
461 4382 564 4441 Nicetii
578 4383 708 4453 altari,et
717 4384 837 4458 recipies
850 4386 958 4444 visum.
1001 4384 1110 4453 Sancti,
1126 4390 1155 4442 et
1181 4397 1340 4443 conversus
1361 4380 1396 4439 ad
1422 4378 1675 4452 burgundionem,
1697 4380 1758 4438 ait:
1774 4375 1828 4435 lou

105 4464 187 4537 Quod
199 4483 266 4527 cnm
280 4471 402 4539 lecisset,
416 4471 554 4545 disruptis
569 4473 704 4545 tenebris,
716 4473 814 4533 lumen
829 4475 855 4533 ei
867 4476 960 4535 virtus
1000 4476 1031 4535 in
1046 4476 1100 4534 hac
1115 4474 1234 4550 epistola
1248 4472 1421 4547 subscriptio
1434 4472 1525 4530 suncti
1548 4469 1654 4529 liioetii
1668 4476 1784 4529 tenetur.
1804 4462 1827 4523 ti

106 4554 208 4616 divina
218 4560 360 4633 patefecit.
378 4562 475 4634 Posui,
492 4564 591 4634 lateor,
619 4564 655 4623 de
677 4564 722 4625 his
741 4565 911 4641 pignoribus
930 4576 958 4626 et
999 4582 1030 4627 es
1043 4567 1193 4637 innocens,
1214 4564 1317 4625 accede
1331 4565 1459 4639 propius,
1485 4570 1514 4621 et
1533 4561 1602 4635 jura
1618 4570 1739 4637 tangens
1758 4568 1827 4618 matt

136 4726 148 4749 ·
168 4718 212 4771 bio
241 4719 302 4775 ttss.
327 4724 354 4773 et
367 4725 449 4783 recte,
474 4736 537 4777 uam
559 4725 699 4779 Medae
724 4728 834 4780 nomine
859 4728 961 4792 lampa:
998 4729 1121 4794 reliquie
1137 4728 1221 4781 saneti
1239 4728 1332 4781 liloetil
1352 4726 1397 4779 hle
1414 4728 1571 4779 memorate
1584 4728 1733 4778 semutur
1746 4716 1826 4779 ettin-

105 4786 169 4843 dem
191 4790 324 4857 intelligit,
346 4794 379 4847 de
404 4807 457 4861 qus
482 4795 554 4848 inlrs
578 4796 630 4849 snb
651 4809 761 4850 nomme
780 4796 880 4865 lychni,
911 4801 957 4865 qul
997 4812 1080 4859 anno.
1097 4804 1126 4853 ut
1148 4801 1273 4852 observet
1290 4799 1447 4851 camosetus
1466 4798 1493 4848 iu
1514 4796 1639 4859 catalogo
1664 4798 1751 4862 episc.
1774 4794 1827 4847 111-

103 4860 284 4927 qusdragtutc
310 4864 370 4918 dlss
396 4866 497 4933 absque
541 4866 663 4922 lomento
694 4868 866 4934 perdurarit.
897 4871 953 4932 lid„
997 4884 1071 4925 oeus.
1088 4872 1115 4923 lo
1136 4870 1255 4923 eeclesia
1274 4870 1363 4923 eidem
1377 4880 1465 4931 scere,
1484 4878 1545 4933 qum
1569 4866 1738 4931 paroehialis
1753 4864 1829 4919 titulat

104 4933 230 4986 ιιιιιιιίι.
994 4946 1036 4996 ιιι
1051 4944 1078 4995 tn
1090 4941 1159 4994 urbe
1174 4940 1338 4994 tricassina.

137 5002 264 5059 *huwo
284 5008 427 5062 successit.
449 5009 615 5074 subscripsit
636 5010 829 5076 episcoporum
851 5013 953 5065 resorl·
1026 5014 1036 5053 ¹
1072 5014 1192 5067 hluteum
1231 5012 1305 5064 villis
1345 5013 1473 5065 onustum
1515 5012 1649 5062 memoret
1687 5006 1829 5074 tpoliluutlt

104 5075 154 5139 pto
175 5085 227 5140 pro
253 5080 416 5131 monasterio
446 5082 605 5143 iletrreasi,
623 5081 695 5146 apud
716 5080 897 5147 dregor.,lib.
922 5096 955 5139 tx
994 5084 1083 5138 Sidon.
1113 5084 1193 5147 eplsl.
1217 5084 1245 5135 tr
1268 5082 1315 5135 llh.
1331 5095 1357 5145 r,
1382 5083 1507 5146 laquem
1526 5080 1618 5135 locam
1644 5076 1746 5136 Βιιιιι
1766 5081 1831 5147 plan

106 5144 175 5199 ittet.
198 5157 250 5211 etp
277 5150 316 5199 tt.
344 5148 408 5204 tide
436 5155 464 5205 et
484 5150 531 5204 lib.
547 5165 567 5205 x
583 5163 644 5216 esp.
666 5152 706 5203 28.
733 5150 790 5205 lion
812 5155 896 5207 semel
920 5160 955 5209 sd
995 5154 1076 5209 babet
1098 5155 1133 5209 de
1149 5154 1255 5208 vlllosls
1278 5152 1443 5207 mundlthos.

105 5215 233 5271 eumdem
250 5217 395 5283 Gregorius
411 5222 521 5287 dagnus
532 5224 635 5275 litteras
646 5220 765 5288 scripsit.
1028 5227 1196 5294 enodisque
1221 5228 1356 5291 superest,
1379 5223 1462 5289 vulgo
1485 5222 1706 5289 Pentecosten
1731 5224 1831 5285 Pom.

134 5294 146 5317 ·
165 5286 297 5352 tropeum
314 5292 373 5344 rico
404 5292 533 5359 ellyohuil
551 5295 653 5359 saepins
680 5294 827 5348 adhibitam
851 5309 886 5349 ex
907 5310 954 5351 re·
996 5298 1094 5353 dictus.

105 5357 209 5413 teribus
235 5362 333 5425 passim
355 5364 512 5426 auctoribus
539 5368 655 5418 coastat.
686 5366 801 5418 budein
816 5366 957 5422 dlosserlis
1027 5372 1094 5424 *sle
1113 5370 1196 5429 boll„
1223 5374 1250 5423 el
1278 5368 1388 5434 quidem
1415 5370 1500 5427 reete,
1522 5379 1577 5421 nou
1608 5362 1837 5427 Pie-onimium

103 5431 246 5484 nonnullis
273 5446 402 5500 papyrus,
427 5436 508 5501 quasi
523 5449 626 5499 paratu
646 5450 708 5503 pgr,
732 5437 760 5492 ld
781 5440 830 5496 est,
851 5440 955 5503 iguem.
998 5442 1099 5496 lrabeat
1117 5442 1208 5495 eetert
1223 5442 1269 5495 lid.
1293 5444 1321 5494 et
1344 5438 1417 5499 tta..
1436 5450 1500 5491 nem
1521 5438 1595 5491 intra
1615 5442 1678 5504 ipse
1705 5442 1837 5509 episcop·

106 5506 388 5579 ildeilregor.llugni
404 5513 450 5565 lib.
465 5512 587 5579 ahialog.
601 5528 661 5579 cap.
675 5520 700 5569 5.
1000 5514 1168 5567 Phronimius
1195 5514 1302 5567 dlellor.
1335 5511 1428 5563 terim
1460 5513 1522 5576 elas
1549 5508 1677 5565 tomam
1709 5508 1838 5577 desudo!

134 5578 234 5634 ‘colb
249 5586 276 5635 et
289 5582 384 5645 baud,
400 5584 473 5650 quod
482 5586 604 5649 primm
617 5592 704 5642 statut
710 5600 757 5642 ιιιιι
767 5592 815 5642 ert.
999 5586 1111 5651 dregor.
1127 5585 1173 5640 lrb.
1186 5597 1217 5639 rx
1228 5585 1294 5637 illst.
1309 5595 1372 5645 esp.
1388 5583 1429 5635 et.
1538 5650 1545 5661 ι

136 5648 364 5717 'dullomagnus
393 5657 480 5720 episc.
509 5655 665 5722 Treornsls,
697 5659 858 5723 subscripsit
887 5671 958 5714 corr-
1028 5656 1131 5713 *hund
1146 5656 1267 5718 etdolb„
1281 5655 1314 5709 in
1332 5654 1454 5708 redimar
1467 5654 1604 5707 ιιιιιιιιιι.

105 5714 151 5769 cll.
179 5718 260 5774 laris.
282 5736 312 5777 rr
340 5737 386 5780 ιιι.
413 5728 468 5789 571,
498 5729 774 5787 cluniacenses.
796 5731 853 5785 581.
876 5730 958 5787 l’orro
