3736 6248
77 370 150 445 25³,
537 321 698 429 susstonsa
718 362 941 426 rumconuu.
961 359 1062 423 steen
1080 356 1238 431 nennius.
1651 375 1705 435 aas

74 488 171 544 uacet
183 483 243 543 bec
256 481 363 541 locatus
373 482 457 549 lucro,
469 484 559 539 statim
579 483 710 540 irruentes
724 481 866 537 interleite
879 481 904 539 Α
917 478 1018 552 luitque
1046 498 1157 553 puerum
1183 486 1252 543 clam
1272 485 1441 553 abstrahere,
1465 483 1513 542 sed
1541 499 1593 542 non
1607 495 1704 557 potuit,

73 593 147 634 cum.
168 576 308 646 ingressus
339 583 429 630 autent
456 572 603 644 dregisilus
630 573 669 627 ait
691 571 866 627 iltruderice:
918 573 993 630 l'uuc
1019 573 1110 632 locans
1133 592 1225 633 secum
1251 577 1386 633 bominem
1400 578 1623 647 ‹querssdaus,ait·
1637 576 1709 635 isui

74 671 219 740 Quousque
230 666 274 722 bie
288 666 393 722 resides
404 674 529 735 tanquam
540 679 609 719 onus
619 679 651 719 ex
663 663 870 735 insipientibus?
918 680 1033 736 mecum,
1049 677 1077 724 et
1090 670 1221 725 venumda
1236 683 1280 725 me
1292 670 1318 724 in
1330 670 1412 724 doute
1431 668 1537 724 barbari
1555 668 1643 735 illius,
1657 669 1707 724 sit·

75 757 200 829 Numquid
212 757 313 827 poteris
330 756 410 828 110
419 754 464 808 diu
477 754 532 823 regi
544 753 686 808 resistere?
701 752 868 810 deceablato
917 772 969 827 que
984 759 1029 814 tibi
1045 760 1152 838 lucrum
1164 762 1279 831 pretium
1294 775 1381 816 niseum
1400 777 1408 814 s
1425 771 1526 815 tautum
1551 759 1706 817 liberiorem

77 850 206 914 tibicibo‚
222 862 283 903 suus
299 853 325 901 te
336 844 421 901 larsres
436 844 615 914 oppresserit,
630 843 699 897 ultro
711 842 869 912 egredieris,
917 849 1019 905 adinum
1043 850 1154 907 trabem
1178 852 1294 908 faciendi
1314 851 1340 908 iq
1356 853 1426 922 quoq
1453 851 1573 908 decrevi,
1588 854 1712 922 sceapw-

77 953 107 999 et
117 941 233 999 traderis
257 941 284 994 ia
309 952 406 994 manus
421 937 600 1002 inimicorum,
614 945 641 992 ct
656 937 779 992 morieris
791 937 867 1003 quasi
918 953 983 994 rere
1007 951 1191 1008 sacramento,
1218 943 1299 997 boum
1322 942 1368 998 ille
1393 942 1467 1004 abiit.
1492 953 1520 999 ct
1550 942 1705 999 renditoeu
1819 990 1823 997 .

77 1048 148 1092 enus
158 1049 190 1090 cs
205 1032 328 1089 mutuus.
353 1031 423 1087 dudi
451 1030 539 1099 potius
559 1028 699 1085 consilium
721 1043 825 1093 meam,
840 1034 869 1083 et
917 1028 1058 1086 duodecim
1073 1032 1163 1088 aureis
1176 1033 1311 1089 discessit.
1330 1033 1488 1091 Sciscitatus
1500 1045 1588 1090 auteur
1600 1044 1702 1105 emptos

75 1124 539 1197 subdetcragi,utriserepossis,
562 1130 590 1176 tu
611 1131 638 1177 et
661 1121 707 1176 dttt
722 1122 770 1177 toi.
793 1121 868 1177 Tunc
917 1119 1015 1174 aredi
1039 1120 1140 1177 lamule
1172 1121 1237 1191 quid
1260 1124 1350 1192 operis
1380 1124 1472 1191 sciret,
1499 1126 1637 1195 respondit
1652 1143 1660 1181 a
1676 1127 1706 1181 lo

76 1220 178 1278 illebis
197 1220 316 1276 mellitus
329 1216 512 1281 sermonibus,
527 1213 622 1271 aitrSi
637 1213 778 1285 egredior,
794 1228 869 1268 eom·
917 1209 1042 1267 omuibus
1055 1226 1116 1280 quae
1136 1212 1292 1268 manducari
1313 1212 1439 1269 debonat
1458 1216 1601 1272 inmensis
1623 1216 1710 1272 sionni·

77 1313 228 1385 prebcosus
242 1326 259 1368 a
273 1325 336 1380 rege
359 1308 507 1365 interficior
536 1317 563 1364 et
589 1321 651 1377 ego,
666 1315 693 1362 et
706 1305 752 1360 dlii
767 1306 829 1372 mei,
840 1313 869 1362 et
918 1311 1032 1366 nerum,
1050 1300 1129 1355 valde
1140 1301 1222 1357 scitus
1241 1315 1300 1357 sum
1314 1305 1441 1373 operari:
1459 1318 1510 1359 nec
1525 1314 1617 1360 metuo
1631 1306 1704 1376 quod

77 1417 173 1460 omnes
187 1402 265 1458 aurici
278 1393 328 1473 qui
338 1414 442 1455 mecum
453 1408 516 1454 sunt
527 1395 690 1467 cougregati.
703 1393 750 1451 Cui
774 1395 871 1466 aregi-
918 1393 1029 1463 reperiri
1041 1394 1228 1463 possitsimilis
1239 1395 1290 1450 mei
1300 1395 1325 1450 iu
1335 1395 1385 1451 irae
1394 1396 1515 1451 scientia.
1526 1396 1623 1453 icrunt
1635 1396 1708 1453 euim

77 1497 146 1553 silus
159 1495 197 1551 sit
211 1511 220 1550 s
234 1493 292 1550 Noli
307 1493 414 1558 timere,
438 1491 484 1547 sed
503 1492 526 1546 si
549 1492 590 1547 ris
604 1491 705 1561 egredi,
720 1489 811 1558 accipe
823 1504 869 1546 sa·
917 1486 979 1542 dico
990 1487 1049 1555 tibi,
1064 1488 1126 1556 quia
1140 1488 1221 1543 etiam
1235 1489 1258 1549 ei
1275 1491 1329 1564 tegi
1343 1489 1452 1566 epulum
1466 1490 1562 1564 copies
1577 1505 1708 1564 prepara·

78 1593 246 1642 momentum
260 1584 295 1640 de
305 1583 355 1650 bac
364 1583 453 1652 culpa,
463 1590 492 1637 et
504 1589 544 1635 sta
562 1595 670 1636 securus
690 1593 780 1635 coram
796 1592 868 1649 rege.
919 1594 958 1644 re,
972 1581 1072 1642 lorcuia
1082 1582 1181 1657 regida
1194 1602 1357 1657 componere
1371 1603 1489 1659 possum,
1506 1588 1707 1659 necquicquam

77 1676 308 1751 Nestmeas,sed
326 1676 381 1732 eris
403 1691 463 1731 cum
486 1688 529 1743 ee,
557 1674 626 1729 sicut
646 1671 812 1743 priusiuisti·
832 1668 869 1725 bd
919 1687 964 1734 tue
977 1679 1083 1734 auctius.
1100 1679 1132 1734 Et
1145 1678 1211 1734 ille:
1227 1678 1296 1733 Ecce
1308 1679 1380 1734 enim
1399 1677 1460 1734 dies
1479 1679 1544 1735 solis
1564 1679 1657 1743 adest,
1670 1676 1711 1733 sic

80 1772 141 1826 bac
167 1768 337 1825 blundericus
361 1765 520 1837 respondit:
543 1764 650 1822 Utinam
677 1778 790 1821 securus
816 1763 868 1821 sim
921 1772 993 1826 euim
1007 1769 1144 1826 barbaries
1163 1770 1281 1826 recitare
1301 1769 1373 1825 diem
1395 1770 1559 1826 dominicum
1578 1771 1712 1826 connsueta'

79 1863 153 1935 quod
176 1877 229 1918 ooo
255 1860 411 1918 toterdciar.
432 1859 507 1914 Tunc
518 1858 665 1928 megistos
680 1859 774 1931 positis
788 1874 869 1930 super
884 1841 908 1903 fl
921 1872 972 1932 est,
989 1864 1015 1920 iu
1031 1865 1082 1921 luc
1096 1865 1141 1922 die
1158 1865 1238 1921 ricini
1252 1873 1333 1934 atque
1347 1875 1471 1935 parentes
1485 1864 1538 1920 mei
1554 1863 1709 1920 invitabun-

79 1954 205 2008 altarium
217 1961 341 2009 sanctum
352 1961 367 1989 ¹
382 1950 515 2022 manibus,
538 1951 638 2022 juravit
658 1953 683 2008 ei
709 1962 738 2007 ut
760 1965 871 2006 securus
922 1965 967 2012 tur
978 1957 1004 2012 in
1019 1956 1099 2012 domo
1109 1971 1179 2012 mea.
1190 1955 1264 2026 liugn
1274 1964 1302 2010 ot
1312 1954 1394 2011 iacias
1408 1955 1474 2010 toilti
1485 1955 1626 2026 prandium
1638 1956 1709 2026 qood

79 2046 263 2116 egrederetur.
285 2043 350 2097 ttato
370 2043 451 2115 igitur
475 2053 659 2109 sacramente,
687 2041 872 2114 egrediebatur
921 2050 1096 2115 admirentur,
1112 2049 1261 2113 etdiceut,
1277 2049 1339 2118 quia
1363 2050 1391 2105 lu
1415 2049 1498 2105 doure
1522 2050 1601 2120 regis.
1614 2049 1710 2104 ruelius

81 2135 301 2194 conseruasse
314 2146 391 2207 porta
405 2136 519 2203 castelli,
540 2147 633 2193 tenens
658 2149 764 2189 manum
780 2131 873 2202 dregi-
922 2156 976 2197 nou
1000 2141 1166 2210 aspeximus.
1191 2140 1225 2196 Et
1248 2139 1293 2196 ille
1308 2156 1315 2193 τ
1331 2139 1446 2207 lubeat,
1467 2140 1570 2211 inquit,
1586 2140 1712 2197 duruiuus

79 2231 137 2287 ⁶5¹¹·
165 2229 281 2300 P⁰l⁰¹⁰⁸
303 2237 392 2284 wilm
412 2226 575 2299 spisctabatb
599 2241 614 2282 Ι
634 2225 713 2294 ¹⁰⁰8ss
738 2224 871 2294 ³⁸tli⁰i⁰¹¹⁸
922 2246 999 2288 orcus
1012 2231 1170 2304 congregari
1186 2233 1318 2303 pullorum
1333 2233 1538 2303 gallinaceorum
1556 2232 1707 2289 multitudi-

79 2337 155 2377 eun.
172 2321 248 2376 Ttttte
266 2335 316 2390 pte
335 2319 411 2389 tigno
425 2320 462 2374 aii
485 2318 632 2390 ebregisilus
647 2317 735 2393 :Quid
750 2318 872 2387 aspicitis
923 2340 996 2393 nem,
1010 2325 1148 2381 etfaciam
1163 2340 1222 2396 quae
1236 2325 1368 2395 praecipis,
1386 2324 1544 2394 praeparatis
1565 2339 1629 2395 ergo
1650 2340 1710 2395 quas

81 2426 136 2470 turo
150 2414 293 2478 tricocco
304 2412 411 2483 pttpttiii
435 2412 557 2481 Nunqoid
581 2426 634 2467 ¹¹⁰⁰
648 2411 752 2466 'Milliss
766 2410 840 2480 prius
855 2418 868 2449 ⁰
922 2417 1028 2475 dixerat
1042 2432 1119 2487 puer,
1132 2417 1222 2472 illusit
1235 2417 1367 2472 dominica
1382 2414 1451 2484 dics,
1473 2415 1587 2488 iecitque
1601 2416 1713 2487 epulum

78 2506 285 2565 ”ffltdelicllffli
299 2504 333 2561 Εῐ
346 2494 434 2560 mliii
449 2505 525 2560 ῑῐΝῙῑ
536 2502 649 2573 l⁰l¹¹¹¹¹¹⁸
662 2503 690 2558 ¹¹¹
699 2517 771 2558 0⁰¹⁰·
784 2504 818 2556 Ᾱῑ
827 2499 872 2556 ῑΙΙθ
923 2509 1365 2580 magnum,deliciisqucrelertum,
1375 2509 1711 2580 Epoiantibusaoteurotu·

80 2598 247 2669 intelligens,
263 2598 301 2652 ait
315 2615 323 2652 ε
336 2595 543 2657 Ειῑύοηιίοεῖιοο
556 2610 704 2667 cognosco,
716 2592 786 2664 quod
802 2595 873 2650 lece·
924 2602 1011 2667 nllus,
1020 2613 1046 2659 et
1055 2602 1223 2656 laudantibus
1236 2600 1385 2671 prandium,
1395 2611 1519 2670 parentes
1530 2601 1600 2656 illius
1614 2601 1711 2656 disces·

81 2691 121 2747 ris
132 2705 181 2761 per
194 2691 362 2746 laocrerbttm
376 2691 480 2760 signum
493 2689 596 2758 populis
609 2688 642 2744 ad
658 2704 700 2744 trae
711 2688 873 2745 iuteriieieu·
922 2703 1027 2751 serunt.
1045 2693 1255 2750 bumiousenim
1272 2692 1345 2748 dedit
1359 2693 1473 2766 gratiam
1489 2708 1573 2764 puero
1587 2694 1665 2759 truie,
1681 2705 1710 2751 et

81 2784 161 2839 dum.
178 2783 366 2839 Verumtamen
381 2781 440 2838 dico
454 2782 510 2850 tibi,
525 2780 590 2853 quia,
612 2781 734 2852 perjuriis
757 2797 800 2838 me
825 2779 872 2836 de-
922 2784 1026 2852 accepit
1039 2791 1196 2854 potestatem
1209 2798 1290 2853 super
1313 2784 1402 2838 omnnia
1422 2799 1482 2854 qum
1496 2783 1609 2839 babebat
1622 2782 1712 2839 dorni·

81 2874 191 2944 cepisti,
220 2886 248 2930 tc
273 2874 361 2929 risum
387 2873 456 2930 ultre
484 2873 572 2931 trullus
590 2875 712 2943 aspiciet,
728 2880 756 2928 et
775 2872 871 2928 emissa
923 2888 973 2930 trus
996 2889 1061 2931 suus
1083 2873 1109 2930 in
1133 2881 1267 2945 promptu.
1289 2873 1472 2945 diligebatque
1490 2889 1552 2930 eum
1573 2874 1670 2940 valde,
1684 2881 1713 2932 el

82 2967 178 3021 iancea
194 2965 221 3021 in
233 2968 356 3035 aespu‘as
369 2965 564 3035 eiras,perlodit
586 2979 659 3031 cum,
682 2963 831 3035 ceciditque
845 2973 872 3021 st
923 2966 1200 3039 oastoibus12oqui
1220 2982 1280 3023 cum
1303 2982 1336 3024 eo
1358 2976 1436 3024 erant
1458 2968 1517 3038 ipse
1540 2967 1712 3039 dispensabat

82 3065 210 3115 mortuus
240 3066 292 3113 est.
324 3057 520 3129 Eragioatoque
547 3057 675 3127 deinceps
703 3057 872 3114 Motrdericua
923 3059 1021 3116 cibaria
1035 3067 1063 3114 et
1077 3059 1222 3130 pulmenta.
1233 3059 1296 3116 Post
1310 3063 1372 3114 anni
1384 3074 1448 3115 vere
1459 3060 1634 3127 curriculum,
1648 3074 1709 3116 cum

83 3149 245 3222 gladiorum
255 3150 327 3215 stris,
340 3165 460 3220 magnam
475 3159 591 3219 stragem
605 3149 639 3206 de
654 3149 751 3220 popule
772 3150 817 3203 illo
832 3153 871 3205 le·
922 3148 977 3221 jam
992 3163 1102 3206 securus
1115 3156 1188 3206 esset
1199 3149 1324 3205 domiuus
1336 3148 1408 3206 illius
1425 3147 1459 3206 de
1473 3163 1519 3216 eo,
1532 3148 1597 3204 abiit
1608 3149 1635 3205 iu
1650 3164 1712 3220 pra·
1792 3178 1795 3184 ·

83 3242 134 3307 eit,
147 3251 172 3298 st
184 3256 321 3314 usquequo
331 3241 451 3312 spiritum
463 3241 608 3305 esbalarit,
618 3241 769 3297 interlicere
780 3209 909 3312 queso-c
925 3253 992 3308 tuur,
1007 3240 1077 3313 quod
1090 3250 1148 3300 erat
1161 3240 1250 3297 domui
1267 3241 1434 3311 proximum,
1450 3256 1511 3298 curu
1525 3241 1615 3298 Attalo
1627 3254 1713 3312 puero

80 3347 194 3405 cunque
218 3335 323 3406 assequi
351 3334 491 3406 potuisset,
515 3348 569 3390 uon
588 3333 699 3390 destina.
718 3333 776 3402 Quo
791 3335 874 3390 iuter·
925 3335 1036 3389 custode
1058 3347 1186 3404 equorum
1199 3350 1206 3388 :
1220 3342 1248 3389 et
1269 3333 1453 3390 decubans-iu
1478 3341 1549 3390 terra
1572 3345 1633 3389 curu
1648 3347 1712 3389 eos

80 3428 168 3493 lecto,
183 3443 225 3484 res
235 3428 293 3497 ejus
306 3429 370 3483 lisca
381 3428 484 3484 colimus
495 3438 566 3485 suut.
926 3426 1013 3499 iunge,
1026 3430 1127 3484 aversis
1139 3429 1236 3497 dorsis,
1251 3438 1279 3484 ut
1293 3443 1346 3485 aron
1361 3415 1569 3499 cognosceretur
1581 3427 1652 3500 quod
1668 3428 1710 3484 lo·
1737 3402 1744 3436 ⁸

122 3519 182 3578 XV.
212 3519 393 3578 'ilseudeticus
416 3536 483 3577 rere
514 3530 542 3577 et
567 3518 755 3578 childebertus
789 3520 875 3578 toedus
925 3519 1511 3591 querentursiosul,dicitpueroa'lempus
1527 3516 1712 3584 esteuiur,ut

82 3612 327 3678 inierunt,etdato
342 3612 391 3669 sibi
406 3621 586 3680 sacramento,
616 3622 644 3669 ul
667 3621 761 3670 neuter
782 3624 873 3668 contra
923 3611 979 3683 jam
993 3613 1112 3683 cogitare
1122 3610 1155 3666 de
1169 3610 1252 3682 patria
1267 3609 1423 3666 debeamus.
1436 3609 1550 3680 ideoque
1566 3624 1662 3665 rnosseo
1674 3617 1711 3675 te,

83 3706 202 3762 alterum
217 3716 377 3774 moreretur,
391 3708 497 3764 obsides
512 3709 546 3761 ab
563 3705 677 3764 invicem
701 3716 874 3777 acceperunt,
926 3713 956 3760 ut
970 3704 1020 3760 bac
1033 3715 1111 3760 nocte
1126 3718 1186 3759 cont
1201 3717 1284 3774 aquus
1298 3703 1332 3758 ad
1352 3702 1532 3759 claudendum
1553 3702 1713 3770 adduxeris,

80 3811 142 3867 qno
168 3794 272 3852 lucilius
299 3795 467 3852 firmarentur
484 3811 543 3866 que
569 3796 674 3850 lucrant
695 3796 776 3851 dicta.
801 3794 874 3851 llull
926 3811 1023 3868 sopore
1038 3812 1091 3852 nou
1106 3796 1266 3868 deprimaris
1278 3839 1287 3866 ‚
1301 3794 1349 3851 sed
1365 3810 1426 3851 cuua
1443 3794 1557 3864 primun
1569 3804 1596 3850 te
1617 3796 1714 3849 sucita-

85 3895 152 3942 tuoc
166 3885 212 3942 lilii
226 3894 379 3942 unctorum
401 3885 429 3941 iu
451 3885 502 3940 hac
523 3881 687 3941 obsidione⁴¹
710 3885 765 3943 dati
792 3893 873 3941 suot:
927 3904 993 3946 reru
1008 3889 1091 3956 adsis,
1104 3899 1132 3945 et
1144 3888 1322 3944 ambulemus.
1337 3886 1486 3944 locaverat
1496 3888 1567 3942 enim
1581 3885 1715 3941 barbarus

85 3980 136 4038 scd
151 3990 213 4035 orto
225 3978 321 4036 iterum
335 3978 405 4034 inter
419 3992 495 4050 reges
514 3977 651 4045 scandalo,
675 3977 709 4034 ad
737 3977 874 4034 seruitium
927 3984 971 4039 tlte
985 3982 1084 4038 multos
1098 3994 1237 4051 parentum
1251 3995 1362 4037 suorum
1378 3981 1411 4037 ad
1426 3982 1552 4051 epu'urn,
1569 3983 1637 4035 inser
1647 3991 1715 4049 quos

85 4070 224 4143 poblicum
237 4077 299 4126 suut
309 4070 417 4126 addicti.
433 4070 467 4125 Et
480 4070 630 4141 quicunque
654 4084 701 4127 eos
728 4069 761 4125 ed
786 4079 877 4128 corsto-
926 4083 983 4130 erat
994 4085 1019 4130 et
1033 4089 1116 4144 gener
1129 4076 1203 4142 eius,
1219 4074 1264 4143 qui
1275 4081 1417 4142 acceperas
1431 4071 1512 4126 uitam
1528 4071 1611 4126 tilius.
1628 4069 1715 4127 bledla

86 4163 217 4220 diensium
241 4163 357 4233 accepit,
373 4177 464 4219 servos
484 4162 534 4219 sibi
558 4178 591 4218 ex
606 4161 647 4218 bis
662 4163 735 4219 iecit.
749 4162 822 4219 ttutst
837 4171 877 4218 ta·
926 4175 1014 4222 autem
1029 4172 1107 4220 nocte
1120 4178 1135 4217 a
1149 4165 1273 4220 concisio
1285 4160 1472 4232 surgentibus,
1486 4172 1514 4218 et
1524 4161 1609 4231 quieti
1623 4160 1713 4226 datis,

84 4267 195 4310 mensa
208 4253 246 4309 eis
261 4268 309 4324 per
331 4254 418 4324 lugam
436 4253 532 4325 elapsi,
558 4254 586 4309 iu
610 4254 721 4324 patriam
743 4255 821 4326 119
834 4269 876 4309 re·
926 4265 1085 4328 prosecutus
1098 4264 1141 4311 est
1153 4255 1208 4311 beo
1224 4268 1354 4325 generum
1365 4253 1468 4308 demini
1493 4254 1534 4308 sui
1558 4266 1619 4308 cum
1634 4259 1714 4319 putu,

85 4347 208 4412 dierum,
222 4344 386 4417 nonnulliiu
406 4346 516 4401 servitio
527 4355 589 4401 sunt
599 4347 696 4401 retenti
710 4363 718 4402 :
730 4345 798 4401 iuter
808 4361 876 4416 quos
926 4345 1118 4419 porrigensque
1132 4347 1156 4402 ei
1171 4346 1262 4403 bibese
1272 4384 1281 4412 ,
1292 4342 1319 4399 io
1335 4352 1463 4399 motatum
1477 4343 1545 4415 ejus.
1561 4342 1606 4397 dit
1625 4342 1715 4410 itaque

85 4439 195 4497 Attalus
208 4452 292 4509 nepos
305 4437 376 4495 beati
388 4435 511 4509 Gregorii
527 4437 662 4509 Lingonici
689 4438 821 4509 episcopi,
842 4436 876 4493 ad
926 4438 959 4494 ad
973 4455 1033 4494 euru
1050 4438 1150 4495 bomo:
1167 4438 1214 4492 ilic
1228 4446 1267 4502 to,
1281 4450 1298 4490 o
1311 4434 1429 4490 creditor
1440 4435 1527 4492 soceri
1542 4432 1613 4500 mei,
1630 4432 1653 4488 si
1669 4446 1716 4485 sa·

84 4531 224 4603 pubiicum
237 4531 375 4589 servitium
391 4531 557 4601 mancipatus
570 4539 622 4598 est,
637 4541 780 4603 custosque
792 4546 875 4601 eque·
927 4530 993 4597 less,
1006 4530 1114 4600 quande
1124 4529 1286 4587 relucentem
1298 4524 1717 4595 adbibebis,utassuutptiseqoi·

84 4640 146 4681 rear
160 4624 322 4682 destinatus.
344 4618 417 4680 Erat'
434 4626 505 4682 enim
528 4625 594 4681 inira
620 4624 754 4681 Treuerici
770 4625 876 4681 termini
889 4593 917 4659 Β
930 4624 999 4679 tibus
1009 4622 1063 4696 [st.
1075 4619 1162 4694 equis]
1175 4620 1235 4691 ejus
1248 4634 1295 4676 eas
1305 4619 1331 4674 in
1345 4619 1458 4689 patriam
1468 4617 1560 4673 tuam?
1575 4616 1631 4672 lloc
1640 4614 1718 4687 quasi

86 4715 254 4773 territorium
268 4717 372 4773 cuidam
383 4717 497 4774 barbaro
512 4724 525 4754 ⁰
540 4717 670 4774 seruiens.
684 4717 802 4787 lienique
815 4718 877 4773 bea·
927 4715 990 4788 joco
1003 4714 1140 4770 deterens
1152 4712 1232 4769 dixit.
1246 4710 1376 4769 Similiter
1390 4717 1418 4767 et
1437 4709 1484 4766 iile
1500 4707 1657 4780 joculanter
1672 4720 1714 4763 se

85 4816 132 4865 tus
143 4805 241 4879 drogo
247 4807 289 4864 ius
297 4806 331 4863 ad
343 4808 531 4877 inquirendum
538 4822 600 4864 eum
615 4808 687 4864 misit
698 4821 804 4879 pucros.
817 4808 877 4876 Quo
931 4810 1035 4865 ritsteau
1049 4804 1235 4876 respondens,
1250 4804 1288 4858 ait
1303 4819 1311 4857 s
1325 4801 1380 4857 llac
1395 4810 1475 4856 nocte
1488 4799 1620 4862 delibero,
1631 4798 1655 4854 si
1672 4796 1718 4855 bct

85 4899 209 4969 beenan,
224 4899 380 4957 obtuleruut
393 4901 494 4958 bcmlui
507 4916 627 4973 munera,
652 4902 699 4959 sed
720 4903 821 4972 respuit
833 4917 876 4970 ea,
931 4898 1054 4952 stillantes
1068 4896 1158 4953 luerit.
1176 4896 1208 4951 Et
1222 4894 1287 4951 iile:
1304 4892 1432 4961 Utinam,
1449 4890 1552 4962 iuquit,
1565 4889 1718 4947 custodiant

85 4992 203 5052 diceus:
218 4992 267 5050 llic
279 4994 313 5050 de
327 4993 373 5050 tali
386 4995 558 5065 generamus
570 4996 663 5052 decem
674 4995 730 5050 aori
744 4994 819 5051 libris
834 5009 878 5051 rs·
932 5005 975 5047 ms
989 4988 1080 5046 farmuli
1096 4988 1169 5058 mci,
1186 5004 1220 5046 ne
1235 4985 1333 5056 aliquid
1347 4984 1382 5042 dc
1397 4984 1477 5057 rebus
1495 4982 1563 5039 meis
1583 4996 1719 5040 assumas.

86 5085 153 5142 dant
165 5084 259 5142 detes.
270 5084 373 5154 Quibus
396 5085 580 5153 redeuntibus,
601 5085 656 5142 Leo
666 5085 773 5158 quidam
787 5084 820 5141 de
832 5099 879 5140 co·
930 5081 963 5137 Et
977 5082 1094 5137 ridentes
1117 5081 1307 5137 discesserunt.
1330 5075 1528 5133 llormieutibus
1543 5086 1631 5132 autem
1651 5090 1719 5131 cuu-

81 5176 170 5246 qnlsa
184 5174 288 5231 donini
310 5174 364 5242 aei,
380 5176 418 5231 ait
434 5192 442 5231 s
458 5174 566 5232 lisinam
593 5189 637 5232 me
656 5175 835 5246 permitteres,
850 5183 880 5230 et
929 5173 978 5228 etis
989 5212 998 5237 ,
1011 5171 1115 5226 vocarit
1128 5169 1182 5225 beo
1202 5170 1319 5224 attalum
1336 5184 1344 5223 a
1360 5168 1503 5237 stratisque
1522 5165 1659 5237 equitibus
1677 5162 1720 5219 ln·

88 5265 203 5321 lenitas
221 5280 273 5337 ege
293 5274 412 5337 poteram
437 5283 499 5323 euos
522 5265 651 5323 reducere
664 5281 697 5323 ea
712 5265 877 5335 captivitate.
929 5261 1108 5335 terrogattsi
1129 5262 1239 5317 ualeret
1263 5259 1391 5333 gladium.
1414 5256 1718 5329 liespenditzllonest
1767 5285 1772 5297 ·

84 5358 188 5419 ssariw
199 5367 289 5415 auum
303 5360 422 5428 domino,
438 5361 559 5416 directus
574 5358 647 5415 seuit
660 5359 693 5415 ed
706 5358 793 5414 locum
808 5373 817 5414 c
831 5373 878 5414 ro-
930 5358 1006 5419 ruibi,
1018 5355 1067 5413 nisi
1082 5363 1185 5411 unstrot
1198 5353 1289 5411 latacen
1309 5353 1431 5424 paruula.
1453 5352 1488 5408 dt
1509 5352 1555 5407 ilie
1575 5349 1717 5419 ingressus

126 5502 141 5532 ·
153 5491 266 5565 Aliquot
274 5507 340 5549 mss.
355 5503 379 5551 et
392 5495 468 5561 editi,
483 5495 569 5550 altore
581 5505 708 5550 ecoctam.
928 5492 996 5548 casiae
1008 5490 1165 5569 dio-bantur
1173 5487 1299 5554 Romani,
1310 5488 1345 5541 lta
1359 5484 1465 5554 celest,
1478 5493 1510 5568 ιιι
1518 5483 1572 5551 jam
1584 5480 1714 5537 obsecra·

125 5560 254 5620 lesen
265 5578 327 5620 cusu
338 5565 411 5631 lies..
425 5568 595 5649 moerebat.
803 5637 809 5648 ἢ
929 5565 1027 5646 οῑιοοο,
1040 5560 1148 5615 buturi
1164 5559 1341 5616 dicebanturr
1355 5555 1426 5629 quod
1439 5568 1539 5626 pacatur
1557 5550 1629 5622 aput
1642 5547 1717 5609 Gre-

81 5633 238 5769 enie'iti'c'
253 5635 423 5759 nmquid·
434 5637 599 5778 szsucgdspsclis
610 5643 696 5691 cutca.
715 5633 879 5708 idoliqum
929 5648 1033 5708 geruum
1049 5630 1167 5687 occurrit
1304 5721 1322 5775 d
1343 5719 1390 5775 m

221 5739 244 5764 η
404 5723 480 5760 sur
587 5723 629 5764 ss.
968 5725 977 5769 t
1036 5725 1065 5738 ··
1210 5757 1220 5776 ‚
1322 5720 1332 5775 g
1391 5725 1444 5774 ag,

121 5721 611 5913 {3333chng
628 5847 700 5910 m
718 5847 879 5906 mg„
966 5722 1345 5889 ,lllfliiit'ia
1358 5822 1415 5866 sn.
1429 5803 1593 5877 annno.
1607 5815 1664 5872 au.
