3736 6248
838 324 1748 379 msa-,m

304 414 308 429 '⁵
372 482 633 569 uonrsuu
668 482 726 566 ΙΝ
761 481 1014 583 suouuns
1048 482 1399 572 canonicum.

122 656 237 729 uicum,
252 658 329 733 guod
343 660 375 719 in
390 658 558 719 collectione
578 660 749 730 Fredegario
765 660 903 720 attributa
924 670 1061 735 quartum
1084 668 1134 721 aut
1147 670 1265 721 sextum
1280 664 1373 723 iorum
1389 662 1508 733 obtinet,
1523 662 1654 738 Gregorii
1669 666 1765 727 nostri

94 744 372 822 riaesubjungirnus‚
384 749 461 822 quod
470 750 507 807 sit
520 750 585 823 ejus
600 750 690 807 vetuti
701 748 889 807 continuatio.
905 750 981 808 Hinc
997 752 1132 811 nonnuih
1148 753 1261 811 codices
1274 752 1382 825 scripti,
1396 750 1426 809 in
1441 752 1549 824 quibus
1559 768 1653 812 nonus
1664 753 1763 815 Histo-

51 825 59 909 ’ζ
72 834 262 909 Gregoriauae
276 836 349 895 liber
363 845 391 895 ct
404 838 535 896 decimus
554 842 584 895 in
608 853 703 896 unuin
716 838 891 905 rotabantur,
913 853 1000 912 quern
1026 842 1171 913 appciiant
1191 856 1312 907 nonum,
1338 840 1392 897 itoc
1407 841 1502 911 ipsum
1517 841 1693 900 tlhronicum
1708 841 1765 901 sub

73 924 117 983 mi
131 924 269 985 Historim
282 925 414 997 Gregorii
427 926 607 985 Turonensis
621 925 688 983 libri
703 925 787 983 tituto
800 934 1025 999 repraesentant;
1044 930 1121 1002 quoti
1138 930 1165 986 in
1190 928 1334 1001 plerisque
1353 928 1438 986 editis
1452 930 1507 987 sub
1525 931 1694 1003 Appendtcis
1710 934 1766 989 aut

82 1016 141 1071 orii
150 1016 281 1071 Historias
296 1016 363 1071 libri
374 1016 513 1071 undecimi
528 1014 612 1073 titulo
628 1012 781 1085 vulgatura
797 1022 847 1072 esi.
866 1014 937 1087 Ejus
951 1024 1098 1073 auctorem
1113 1017 1167 1073 sub
1183 1016 1296 1089 Pippini
1310 1016 1385 1089 regis
1398 1024 1450 1074 aut
1466 1029 1543 1076 certe
1558 1018 1650 1076 iiaroii
1665 1016 1767 1093 Magni

54 1096 57 1101 ’
86 1100 142 1161 tilii
157 1102 320 1177 principatu
334 1103 492 1177 scripsisse,
511 1110 543 1162 ut
561 1102 722 1175 plurimum
738 1102 791 1160 tiri
808 1103 912 1161 eruditi
929 1104 1182 1171 existimauerunt,
1198 1106 1273 1178 quod
1289 1104 1317 1161 in
1333 1106 1457 1175 vulgatis
1469 1106 1554 1164 editis
1566 1106 1763 1179 omnibusque

71 1194 104 1251 'o
120 1184 327 1265 manuscriptis
337 1208 383 1251 res
396 1193 431 1250 ad
447 1192 553 1250 horum
569 1192 734 1265 principum
744 1208 837 1267 usque
853 1200 979 1266 tempora
992 1202 1079 1265 gestae
1093 1193 1310 1260 describantur:
1325 1202 1354 1251 at
1370 1193 1482 1251 illinon
1500 1194 1568 1251 satis
1581 1196 1763 1255 continuato·

67 1278 198 1353 ttprimu
215 1280 352 1339 chronici
365 1288 482 1340 auctore
497 1280 707 1338 distinxerunt.
724 1280 803 1350 Quod
820 1288 916 1353 postca
931 1298 961 1339 re
974 1282 1137 1340 accuratius
1150 1288 1268 1350 attenta,
1283 1289 1311 1339 et
1326 1288 1456 1339 veterum
1468 1282 1602 1339 codicum
1621 1298 1675 1355 opo
1687 1298 1763 1357 prae·

79 1380 113 1427 m
125 1372 169 1425 est
181 1382 200 1427 o
212 1366 285 1425 viris
302 1368 402 1438 doctis,
416 1369 654 1428 existimantibus
667 1369 754 1442 primi
768 1368 895 1427 auctoris
909 1385 982 1443 opus
996 1368 1071 1427 nitra
1083 1385 1193 1427 annum
1211 1378 1347 1444 quartum
1361 1369 1515 1427 chlodovei
1535 1368 1572 1439 tt,
1583 1384 1650 1427 aerm
1665 1368 1767 1443 vuigo-

62 1454 133 1525 bii,
149 1470 208 1515 nou
223 1456 390 1531 pertigisse;
407 1473 440 1516 ca
454 1472 523 1516 vcro
537 1474 603 1531 quae
619 1465 782 1531 sequuntur
794 1474 811 1515 a
825 1456 915 1515 variis
928 1458 1097 1516 auctoribus
1122 1458 1212 1517 fuisse
1235 1459 1354 1531 adjecta,
1379 1474 1445 1532 quau
1459 1458 1558 1516 omnia
1572 1459 1634 1516 suis
1647 1457 1719 1517 locis
1731 1457 1764 1517 in

83 1550 189 1603 nostru
212 1542 340 1602 editione
362 1542 590 1617 distinguentur.
616 1544 704 1603 Plura
726 1543 752 1603 si
774 1545 842 1619 quis
864 1544 900 1603 dc
916 1544 963 1603 his
984 1545 1071 1603 rebus
1098 1544 1171 1604 scire
1192 1546 1281 1623 cupit,
1303 1545 1387 1619 legat,
1410 1546 1435 1604 si
1456 1546 1545 1615 iubet,
1561 1544 1763 1619 praeiatioucm

117 1630 192 1691 huic
204 1630 348 1691 volumini
361 1631 555 1706 praettximus.

10 1922 27 2055 '-
139 1982 828 2135 ununuunutt
910 1926 1710 2222 su'uonnsurcr

543 2283 1245 2471 CHRONICUM

242 2525 246 2533 ’
336 2594 491 2712 curt
515 2594 680 2714 suis
711 2592 1448 2730 continuanonmus,

745 2832 748 2838 ’
848 2828 933 2891 SIVE

264 2996 610 3115 aeebnhtx
687 2996 779 3120 ab
859 2991 1101 3109 sancti
1184 2991 1516 3110 GREGORH

474 3259 803 3373 EPISCOPI
859 3255 1302 3369 TURONENSIS

153 3502 786 3654 utstontan
907 3456 1625 3650 nnanconuti.

628 3778 1159 3807 ..W—'¹‘

741 3998 1049 4159 prologos.

55 4372 226 4435 mco
239 4366 313 4431 Cum
327 4370 439 4448 aliquid
455 4372 544 4433 unius
560 4372 639 4431 verbi
654 4372 827 4446 proprietate
840 4383 852 4411 ⁰
867 4382 925 4426 non
944 4364 1036 4423 habeo
1050 4358 1126 4436 quod
1142 4356 1298 4431 proteram,
1314 4353 1372 4412 nisi
1395 4350 1555 4427 praestitum
1568 4352 1605 4411 ab
1620 4350 1772 4453 hitissimo

10 4452 119 4527 horit,
134 4466 165 4517 et
175 4460 248 4521 dum
261 4477 361 4537 quaero
377 4462 498 4537 impiere
511 4462 693 4531 sententiam,
712 4461 796 4535 longo
810 4457 921 4517 arnbitu
935 4454 985 4512 vix
1000 4447 1095 4509 luetis
1110 4448 1165 4505 rim
1180 4444 1305 4520 spatium
1319 4457 1501 4543 consummo.
1515 4441 1705 4502 vernaculum
1718 4442 1775 4501 ho·

10 4550 86 4635 με
100 4546 191 4621 hujus
204 4550 285 4609 rerbi
299 4552 499 4626 interpretator
513 4550 638 4610 absurde
655 4559 769 4609 resonat
782 4552 794 4587 ¹1
811 4568 818 4618 ;
837 4550 862 4606 si
875 4546 912 4604 ob
926 4542 1124 4601 necessitatem
1138 4534 1247 4609 aliquid
1265 4534 1295 4592 in
1306 4534 1412 4632 ¹ordino
1426 4548 1596 4632 sermonum
1610 4540 1771 4633 mutavero,

10 4632 60 4711 μ
76 4634 246 4711 interpretis
269 4639 369 4699 videor
381 4640 475 4699 officio
488 4640 647 4698 recessisse.
674 4639 773 4715 Itaque
788 4636 864 4695 beati
882 4630 1067 4705 llieronpnti,
1084 4624 1194 4696 idacii,
1219 4629 1247 4681 et
1265 4622 1418 4696 cujusdam
1440 4621 1594 4697 Sapientis,
1610 4637 1661 4681 seu
1674 4628 1703 4681 et
1716 4619 1774 4681 lst-

10 4714 97 4791 Ιπί.
112 4724 229 4801 imoque
242 4736 270 4785 et
285 4726 416 4803 Gregorii
429 4730 582 4788 chronicas
599 4728 732 4787 amurrdi
747 4726 860 4800 origine
875 4719 1099 4795 diligentissime
1114 4727 1293 4790 percurrens,
1304 4726 1401 4808 'usque
1415 4710 1570 4809 decedente
1589 4726 1678 4809 regno
1694 4708 1775 4811 Gutt-

10 4798 142 4887 ¹humi,
157 4812 205 4873 his
214 4814 347 4893 quinque
361 4816 506 4876 chronicis
521 4816 610 4889 hujus
620 4816 722 4886 tinent,
735 4830 788 4873 nec
799 4812 926 4887 piurima
941 4805 1134 4883 praetermissa
1147 4813 1158 4840 ⁶
1170 4800 1343 4897 singiliatim
1357 4807 1545 4872 congruentia
1559 4798 1634 4871 stpto
1647 4812 1774 4897 inserui,

10 4894 102 4996 ’Μ
122 4902 195 4973 tut,
218 4908 293 4977 quast
311 4904 355 4963 rtti
371 4903 560 4963 solertissimo
572 4902 682 4977 absque
696 4900 920 4977 reprehensione
933 4894 1135 4955 cortdiderunt.
1152 4889 1224 4948 Cum
1244 4890 1307 4946 hacc
1320 4892 1360 4945 tta
1374 4902 1404 4945 sc
1426 4884 1562 4955 habeant,
1576 4898 1773 4985 necessarium

10 4978 98 5053 fluxi
111 4998 260 5051 vertutum
275 4990 446 5067 diligentius
458 4991 584 5066 insequi,
596 4999 624 5050 et
636 4992 673 5051 ob
686 4992 716 5051 id
732 4992 762 5049 in
777 4987 922 5064 prioribus
936 4985 981 5043 his
994 4984 1007 5020 ‘¹
1018 4979 1173 5048 chronicis,
1186 4976 1271 5053 quasi
1280 4977 1406 5074 cruciant
1415 4974 1514 5033 tuturo
1523 4989 1618 5049 opere,
1636 4987 1773 5075 orantum

55 5082 62 5093 '
85 5082 97 5143 i
113 5096 203 5157 tegno
215 5088 244 5140 ct
256 5088 384 5156 tempora
400 5080 557 5155 praenotari
571 5094 598 5139 ⁸.
614 5081 648 5139 in
660 5080 795 5154 praesenti
807 5088 905 5137 autem
920 5074 994 5149 stylo
1009 5088 1042 5131 cn
1056 5078 1182 5141 tempora
1196 5080 1318 5163 ponens,
1332 5070 1361 5122 et
1379 5062 1563 5137 singularum
1574 5070 1706 5163 genistam
1716 5078 1774 5164 cu·

81 5170 90 5185 ⁸
126 5172 188 5229 imo
201 5168 383 5247 ordineque
396 5176 547 5243 gesseruut
570 5170 714 5241 coaptavi;
739 5168 815 5243 quod
838 5160 1057 5242 prudentissimi
1083 5158 1244 5222 587·588
1267 5154 1333 5222 titi,
1353 5166 1427 5227 (1⁰0⁵
1442 5168 1530 5227 supra
1546 5168 1679 5224 memini,
1693 5153 1774 5213 hitto

92 5256 172 5319 uicis
185 5258 319 5333 (verbum
340 5260 395 5321 boc
411 5266 455 5318 est
470 5272 576 5318 nomen
593 5256 747 5339 Graecum&
763 5257 843 5333 quod
866 5254 956 5314 latino
980 5250 1193 5323 interpretatur,
1212 5249 1291 5319 gesta
1315 5248 1489 5317 temporum)
1508 5242 1689 5303 severissimo
1701 5242 1712 5281 ¹
1726 5242 1772 5303 di·

44 5418 159 5485 ffcrn..
181 5410 251 5469 tium
274 5416 312 5469 od
342 5412 480 5481 lignidum
501 5414 593 5477 justus
615 5408 675 5479 [ni.
688 5414 791 5479 josuo:
816 5412 878 5467 boh.
956 5402 1054 5459 ‘boin
1070 5406 1095 5455 et
1108 5402 1294 5455 occidendum.
1315 5402 1348 5451 ia
1363 5398 1412 5453 hit.

92 5488 104 5557 1
131 5484 210 5541 certi
232 5486 439 5553 proruentem.
472 5483 560 5545 tren„
589 5480 658 5537 cunr
683 5484 720 5535 ao
745 5485 881 5551 aequorum
953 5471 1153 5555 forsenatus
1167 5466 1775 5537 terendaminterioroismioirmomotrtm

35 5560 39 5567 '
156 5558 346 5615 mainerum,
364 5562 416 5609 etr.
922 5544 991 5599 maht
1014 5558 1108 5595 rermm
1135 5546 1192 5609 tat..
1220 5543 1324 5607 regunt]
1346 5548 1372 5595 ct
1397 5547 1549 5607 temporum
1568 5551 1646 5605 prr...
1668 5538 1772 5593 micci.

10 5624 56 5681 ,ὓ
74 5622 187 5677 (ihesu.
220 5626 248 5673 et
277 5620 364 5679 treb..
393 5618 544 5673 tornareto
570 5618 668 5685 lingua
693 5618 777 5686 trojus
799 5616 882 5671 verbu
925 5616 1011 5675 isch..
1028 5618 1220 5673 ettempornm
1233 5626 1342 5677 ponens,
1361 5620 1412 5668 eto.

159 5690 222 5746 atto
233 5690 360 5745 absurde.
956 5687 965 5725 ¹
981 5686 1086 5749 bohen,
1101 5698 1128 5739 te
1137 5687 1319 5738 scrutinium.

10 5838 15 5857 ι
35 5774 49 5803 ·
65 5768 157 5825 forte
169 5774 223 5829 pro
236 5768 315 5817 sexto
327 5774 403 5825 cun,
418 5760 547 5829 dammis
563 5760 769 5826 protermines.
