3736 6248
180 414 247 474 stes
707 403 735 456 s.
757 399 920 457 concurri
940 395 1089 453 εεεεεεει
1106 391 1316 452 tunonensis
1762 394 1826 452 tres

176 524 341 583 tentationem
352 529 376 576 et
386 516 604 591 loqueumdiolroli
614 514 641 590 (l
653 514 721 570 Tim.
733 512 821 584 rr,u);
834 525 879 567 et:
898 511 969 565 lieri·
982 514 1007 572 Α
1023 508 1077 562 liri
1089 508 1122 562 ad
1134 524 1213 564 aures
1226 509 1479 575 pontilleiscttitatis
1492 507 1564 564 illius
1574 518 1603 576 ¹,
1619 507 1668 577 qul
1685 508 1762 564 illico
1771 527 1825 565 con

176 616 249 671 derio
261 612 343 667 multo
356 611 459 666 inutilia
471 619 495 664 et
515 610 622 673 noeioo,
643 622 702 678 (με
715 616 829 676 nurgum
842 604 969 656 leunsinem
1020 601 1077 652 suis
1089 600 1174 652 sottcti
1200 598 1255 653 Viri
1269 599 1380 669 uestigia
1396 610 1566 669 prosecutus,
1584 609 1615 654 et
1630 615 1699 654 tttox
1713 601 1775 671 ejus
1786 619 1825 670 pr*

178 705 203 759 in
214 704 345 758 interitum
355 710 379 756 et
390 695 861 768 perditioormllbid.l.Considerans
873 692 971 759 quippe
1021 689 1099 744 dibus
1110 690 1277 759 provolutus,
1301 693 1382 758 coepit
1397 691 1474 746 abeo
1499 705 1595 760 petere
1617 699 1649 746 ut
1662 693 1778 747 tundens
1795 695 1823 748 ad

178 795 248 865 quod
260 793 388 863 scriptum
399 789 733 857 est,Doteelcomosgoom,
744 784 865 840 uomoio
874 781 971 835 orobodo
1023 782 1155 836 tumulum
1178 784 1264 838 sancti
1292 782 1418 854 martyris
1439 795 1590 850 remearet,
1607 790 1639 839 et
1661 798 1760 840 sacras
1772 800 1824 852 etus

178 895 239 941 sunt
256 886 329 939 nolit
349 883 426 956 (Luc.
444 897 490 948 xt,
512 879 730 953 “lucterius
747 875 971 946 aitrCentuplurn
1024 875 1151 942 reliquias
1166 877 1330 944 deportaret.
1346 875 1421 930 Tunc
1435 876 1480 932 ille
1504 878 1564 930 ait:
1595 876 1750 946 lioetpood
1767 878 1824 932 mibi

179 977 288 1045 conplet
302 986 326 1030 ct
336 976 414 1029 oitorrt
427 982 549 1029 termam
568 969 705 1039 possidebit
719 967 826 1040 (dotto.
839 983 898 1028 atr,
914 965 971 1036 29)-
1025 967 1194 1037 omnipotens
1217 965 1288 1022 Deus
1309 967 1418 1038 largitus
1438 979 1478 1023 est
1501 984 1614 1032 tutinus,
1640 984 1710 1023 curn
1736 971 1823 1024 eodem

182 1067 215 1122 Et
228 1066 291 1120 stibi
306 1065 435 1134 scriplum
448 1073 491 1119 esi
506 1079 514 1119 :
530 1060 727 1128 Eleeorosynon
741 1071 821 1112 morte
834 1059 939 1122 liberor,
950 1065 974 1111 et
1025 1057 1122 1121 llurus,
1137 1058 1194 1124 ipso
1207 1059 1352 1112 comitante
1364 1074 1483 1127 pergstn.
1496 1059 1562 1113 Nutu
1576 1058 1699 1114 Crator
1713 1064 1823 1115 omniurn

181 1159 226 1228 otti
235 1173 293 1214 eom
306 1157 394 1227 secent
406 1196 415 1222 ,
429 1172 481 1209 noo
502 1155 548 1209 ibit
571 1156 598 1207 in
616 1153 731 1208 tenebras
745 1154 753 1217 l
758 1152 843 1205 Tobios
855 1166 909 1215 ιε,
933 1151 973 1220 ti),
1027 1147 1157 1201 Dominus
1166 1148 1220 1202 duo
1231 1149 1359 1203 uirtutum
1371 1148 1498 1204 miracola
1506 1149 1538 1227 ‘iu
1549 1151 1652 1205 eodem
1666 1154 1730 1205 loeo
1742 1166 1824 1205 ostem

185 1249 249 1304 ttaeo
262 1258 351 1302 autent
367 1243 486 1313 quotidie
497 1243 674 1312 adimptebm;
688 1257 792 1310 semper
806 1243 839 1294 ad
853 1242 976 1295 eleemo-
1027 1237 1092 1292 dere
1105 1238 1227 1307 diguatus
1237 1248 1291 1294 est.
1302 1239 1422 1309 Cumque
1439 1239 1483 1294 Vir
1493 1241 1823 1298 beisnonscbristnsrium

181 1353 276 1411 synam
289 1338 390 1407 largos,
402 1335 429 1391 in
441 1335 537 1405 uigiliis
550 1333 668 1392 sedulus.
677 1334 704 1387 in
715 1334 838 1386 oratione
853 1333 965 1386 rtorotus
1028 1327 1187 1394 aperuisset,
1199 1330 1300 1396 reperit
1312 1329 1433 1384 diversos
1446 1334 1582 1397 pretiosos
1598 1329 1707 1399 topices
1717 1333 1752 1386 de
1760 1337 1824 1387 satit

180 1443 207 1484 tu
222 1428 370 1482 bumilitate
384 1431 519 1495 prolusus,
534 1428 562 1479 io
585 1424 716 1478 charitato
740 1426 883 1491 periectos.
899 1423 973 1476 Nun·
1029 1434 1089 1487 ouae
1103 1418 1138 1474 de
1151 1418 1225 1475 ionte
1237 1419 1404 1487 abstulerat,
1426 1429 1456 1475 ut
1468 1422 1535 1476 mira
1554 1422 1647 1477 virtut
1658 1425 1749 1478 sancti
1764 1442 1824 1479 mar·

180 1535 260 1590 quarn
273 1519 328 1574 otio
342 1516 471 1581 indulsit,
487 1529 541 1586 quo
555 1528 609 1569 non
620 1525 665 1569 aut
677 1514 785 1568 lectioni
801 1522 916 1579 uocaret,
930 1522 976 1566 aot
1031 1511 1096 1582 tyris
1107 1525 1156 1580 per
1168 1510 1272 1565 diversa
1287 1519 1417 1565 terrarum
1433 1511 1491 1564 loca
1503 1511 1715 1578 declararetur,
1731 1523 1759 1568 et
1776 1515 1824 1569 iri

180 1624 248 1680 opus
261 1608 360 1664 Christi
375 1607 525 1676 perliceret,
549 1615 596 1660 out
618 1614 691 1661 oertc
705 1605 827 1659 mortibus
841 1619 909 1672 opus
926 1603 979 1658 ali·
1032 1600 1078 1655 ilei
1088 1599 1155 1655 lldcs
1169 1604 1335 1668 probaretur,
1350 1615 1376 1657 et
1388 1602 1478 1656 inultis
1489 1604 1702 1658 ostenderetur.
1713 1605 1825 1672 Compos

181 1699 253 1769 quod
276 1707 377 1768 ageret,
398 1706 443 1752 aut
465 1696 580 1766 denique
601 1710 692 1750 saeros
704 1692 819 1749 Codices
833 1694 974 1748 scriberet.
1030 1691 1063 1745 nd
1079 1691 1167 1745 locutu
1188 1690 1281 1755 lruoc,
1297 1691 1341 1746 obi
1359 1692 1404 1746 Vir
1421 1694 1466 1746 bei
1481 1702 1634 1747 oratorum
1651 1696 1825 1764 conoidern,

182 1791 296 1847 Maxime
319 1798 407 1844 autern
431 1790 599 1855 decrerunt,
619 1799 649 1843 ot
673 1789 699 1841 in
724 1786 825 1841 ricinos
845 1786 977 1842 dioeceses
1031 1797 1135 1837 sucrutn
1152 1798 1248 1838 nrurros
1261 1798 1428 1854 cumtungno
1440 1784 1537 1854 gaudio
1553 1786 1694 1854 condidit,
1711 1788 1747 1842 ibi
1766 1804 1825 1859 quo

182 1863 275 1941 sacros
287 1883 410 1948 Codices,
423 1895 491 1951 quos
506 1885 563 1949 ipsc
589 1879 712 1933 manibus
737 1879 793 1932 suis
817 1879 972 1946 scripserat,
989 1868 1078 1944 Bque
1087 1876 1258 1944 otrrnipotens
1281 1876 1352 1931 Deus
1375 1876 1456 1930 multa
1479 1878 1593 1949 1289
1612 1878 1694 1949 signs
1707 1891 1735 1935 et
1749 1882 1825 1936 ntirs·

183 1960 375 2036 distribuerem
402 1983 555 2024 memorans
569 1968 634 2023 illud
653 1967 723 2038 quod
738 1968 882 2035 spostolus
896 1967 973 2034 dixit,
1027 1967 1090 2022 bilis
1106 1968 1244 2023 declarare
1257 1969 1382 2038 drguntus
1395 1978 1447 2023 εει.

183 2068 246 2136 quia
262 2064 385 2118 otiositas
404 2062 509 2115 inituim
523 2069 560 2113 ost
573 2062 675 2116 noimoe.
691 2060 731 2115 sd
746 2059 795 2114 ista
808 2059 888 2130 igitur
902 2059 975 2113 omui
1064 2060 1130 2115 viti.
1150 2060 1271 2116 Necnon
1287 2061 1544 2130 praetermittendum
1560 2071 1605 2117 est
1628 2064 1705 2131 quod
1733 2063 1824 2119 Christi

187 2165 307 2223 tenrpore
323 2167 375 2206 non
395 2151 528 2206 cessabat.
544 2147 611 2205 Cutrt
632 2159 721 2204 tutem
743 2149 799 2220 jani
823 2149 975 2204 monosterii
1028 2150 1130 2205 lomulo
1144 2150 1272 2205 collotutn
1288 2160 1339 2206 cst.
1354 2151 1472 2219 Quadam
1486 2153 1531 2206 die
1543 2152 1636 2207 viator
1646 2153 1715 2207 dum
1727 2152 1776 2209 iter
1786 2170 1824 2208 tr·

186 2247 311 2302 cellulam
325 2245 495 2309 aedilicasset,
516 2244 623 2315 1280
637 2257 690 2312 quo
704 2258 773 2312 opus
786 2251 903 2311 coeptum
917 2257 977 2312 per·
1028 2250 1134 2312 rcptttot
1146 2241 1295 2307 incederet,
1307 2243 1389 2298 ilante
1402 2253 1544 2297 rentoruto
1560 2245 1685 2310 turbine,
1701 2261 1762 2302 cunr
1772 2248 1824 2316 plu-

186 2337 304 2407 egisset,
330 2349 442 2407 necesse
465 2342 507 2388 cst
528 2343 555 2387 ut
569 2333 699 2402 deipsius
720 2332 857 2387 miraculis
877 2332 975 2402 aliquid
1028 2331 1071 2386 via
1085 2330 1145 2385 talis
1156 2331 1227 2386 cirea
1248 2329 1370 2386 Aridiom
1386 2332 1426 2386 sic
1444 2332 1588 2399 fremeret,
1607 2342 1637 2389 ut
1658 2334 1727 2388 riris
1748 2334 1823 2390 inber

185 2428 292 2484 Cbristo
308 2426 451 2481 aurilianis
467 2425 601 2494 explicare
617 2425 762 2478 valeamus.
778 2424 897 2488 Qualiter
907 2418 977 2478 eleo·
1029 2421 1166 2490 eldueret,
1181 2432 1210 2478 ει
1230 2420 1318 2493 ipsum
1339 2436 1435 2493 agmen
1456 2437 1489 2477 ac
1507 2437 1576 2478 suos
1595 2425 1742 2482 ministros
1760 2437 1822 2496 gotta

187 2533 323 2588 mosynrs,
337 2514 434 2586 vigiliis
447 2526 475 2571 et
488 2514 653 2570 orationibus
665 2528 696 2568 se
711 2514 757 2569 Dei
772 2528 868 2569 servus
889 2511 978 2567 indul·
1030 2527 1081 2568 nec
1091 2526 1143 2567 ont
1159 2513 1351 2582 perluodcret:
1369 2528 1431 2583 quo,
1445 2512 1530 2569 ditisa
1546 2524 1725 2586 tempestate,
1737 2517 1822 2572 alicobi

187 2608 264 2674 serit,
274 2605 443 2676 praedicanda
454 2604 585 2659 miracula
599 2603 827 2673 publicatorimus
839 2603 977 2658 alacriter:
1028 2604 1108 2659 turbo
1119 2618 1150 2658 se
1159 2613 1288 2669 verteret,
1303 2605 1397 2674 etipsa
1408 2604 1497 2659 nubilo
1510 2620 1608 2662 aerem
1621 2607 1758 2674 lustrent,
1769 2610 1822 2663 dont

186 2696 328 2766 dequibus
342 2694 431 2749 multis
444 2693 602 2749 brevissime
612 2690 748 2747 credimus
761 2705 845 2761 pauca
857 2705 978 2746 narrare.
1029 2704 1176 2764 parescunt
1186 2695 1330 2751 tiatorem.
1342 2695 1370 2750 Si
1382 2694 1462 2766 igitur
1471 2698 1612 2753 conditori
1623 2699 1749 2755 omniurn
1761 2714 1824 2756 maro

228 2787 281 2841 vlt.
297 2784 403 2842 decidit
427 2782 529 2839 bonini
552 2781 600 2837 Del
613 2782 742 2837 Arvernis
754 2782 805 2836 liet
825 2789 854 2835 ul
876 2790 977 2851 ageret,
1030 2794 1058 2842 ει
1071 2788 1143 2842 renti
1157 2787 1320 2844 obedierunt
1331 2789 1357 2843 in
1371 2787 1506 2857 ductibus,
1519 2798 1550 2844 et
1566 2791 1637 2846 laeta
1651 2804 1695 2845 est
1708 2794 1824 2863 tranquil·

192 2895 226 2937 ec
241 2881 359 2934 irruente
373 2883 463 2943 nocte,
487 2859 582 2945 aquarn
607 2888 660 2929 non
681 2871 823 2941 inueniret,
838 2883 868 2927 ut
880 2874 912 2927 ad
924 2887 980 2926 ma·
1030 2877 1091 2935 litas
1105 2893 1218 2949 magro,
1233 2880 1290 2934 imo
1302 2889 1331 2936 et
1354 2879 1425 2935 fidei
1440 2893 1490 2936 suo
1503 2882 1589 2951 jussit
1615 2885 1690 2940 tune
1709 2888 1824 2941 prm„

188 2967 495 3027 nendumseconderet.
506 2964 625 3036 Cumque
633 2972 785 3036 quererent
797 2963 980 3031 ministriejus
1032 2965 1138 3023 mittetis
1152 2964 1307 3025 ridentibus
1326 2970 1532 3026 ostendendam.
1560 2973 1692 3042 Quodam
1717 2985 1825 3046 teorpm

188 3063 242 3117 lruc
253 3069 281 3116 ot
294 3060 368 3127 illuc,
382 3067 410 3114 et
434 3072 486 3113 non
502 3056 683 3122 inuenissent,
696 3066 750 3110 turn
766 3053 874 3109 bridius
887 3052 980 3110 delinit
1031 3073 1092 3115 turm
1106 3059 1141 3114 ad
1164 3061 1346 3117 maturitatem
1370 3072 1475 3132 segetes
1492 3072 1597 3121 aristas
1618 3081 1774 3125 armassent
1784 3075 1825 3137 ,et

188 3152 217 3209 lo
230 3165 311 3208 arena
323 3149 458 3206 baculum
473 3148 533 3216 Quo
547 3155 673 3212 retracto,
694 3147 728 3201 do
749 3155 828 3202 terras
850 3146 980 3202 iornrnitte
1029 3147 1087 3219 jum
1100 3163 1131 3206 se
1143 3159 1295 3221 aggravata
1306 3151 1369 3206 oreti
1381 3159 1525 3221 poscerent
1538 3168 1554 3208 s
1575 3156 1704 3221 coitore;
1716 3161 1825 3213 enormi·

190 3245 251 3300 ions
261 3242 401 3300 abundans
413 3241 541 3308 exsilivit,
552 3252 581 3295 ut
592 3239 689 3296 duenta
703 3254 778 3310 aquae
791 3240 916 3295 undantis
925 3238 980 3295 sul·
993 3231 1019 3299 d
1033 3249 1076 3296 tas
1089 3244 1178 3310 erupit
1195 3241 1304 3312 pluria,
1319 3257 1354 3300 oe
1369 3244 1508 3315 qunqutm
1521 3245 1619 3316 lruges
1639 3248 1825 3320 oottigerecn

191 3336 312 3403 licerent,
335 3344 362 3390 ct
385 3333 412 3388 in
428 3341 529 3388 lantoni
545 3339 637 3401 postca
651 3330 804 3401 irrigarent,
815 3339 845 3386 ut
866 3330 922 3385 illic
937 3345 983 3399 pe·
1034 3332 1062 3387 in
1083 3332 1139 3388 suis
1160 3333 1244 3404 spicis
1262 3349 1345 3405 grana
1372 3335 1480 3392 latentia
1505 3341 1710 3409 geminarent.
1733 3340 1826 3407 letata

189 3439 253 3481 cors
268 3425 399 3481 biberent.
416 3422 462 3480 Sic
472 3423 514 3477 tir
532 3422 583 3477 iste
596 3435 707 3491 magnus
716 3419 766 3476 luit
785 3420 812 3475 in
835 3420 982 3486 miraculis,
1033 3424 1186 3492 suggeritur
1209 3422 1259 3494 ipsi
1280 3438 1296 3479 ε
1312 3425 1420 3497 populo,
1439 3427 1503 3482 lucit
1521 3428 1633 3500 uigilias
1656 3431 1824 3490 interoesor.

191 3524 218 3571 et
232 3515 314 3587 lloysi
328 3525 418 3585 typum
429 3526 536 3585 gerens,
550 3512 596 3582 qui
608 3511 760 3583 percutiens
773 3519 875 3582 petram
886 3525 982 3580 anuum
1033 3513 1162 3585 Sequenti
1175 3513 1258 3587 igitur
1269 3515 1313 3572 die
1328 3518 1449 3589 reliquiis
1465 3527 1625 3578 sanctorum
1644 3527 1824 3595 sppreoemtr,

192 3609 297 3676 populis
311 3608 338 3663 in
351 3608 493 3662 solitudine
506 3606 628 3676 prscboit.
1034 3613 1184 3676 opportune
1204 3616 1233 3663 et
1252 3607 1440 3665 venerabiiitor
1454 3611 1595 3684 coopertis
1616 3613 1656 3669 de
1671 3616 1780 3686 palliolo
1792 3630 1827 3671 ts·

226 3694 304 3750 Dedit
319 3695 414 3753 deinde
425 3709 544 3765 oporam,
557 3693 723 3765 comitesque
735 3694 776 3750 sui
787 3693 903 3760 itineris,
916 3708 984 3764 quos
1034 3697 1107 3760 εἰως
1121 3695 1247 3752 diacones
1263 3696 1291 3752 in
1305 3697 1375 3754 albis
1399 3709 1499 3756 exeunt
1514 3702 1551 3757 ud
1568 3719 1752 3772 processum:
1764 3708 1827 3777 ptos

192 3785 385 3857 religiosiores
408 3784 549 3855 reddebat,
569 3785 661 3856 elegit.
682 3785 878 3842 Collootosane
899 3796 982 3853 coetu,
1036 3785 1134 3841 elatnnt
1153 3800 1203 3854 pro
1227 3785 1379 3843 nimborum
1400 3788 1520 3846 incursu.
1535 3791 1648 3859 Quibus
1666 3795 1716 3851 Vir
1732 3807 1826 3852 εεεειεε

193 3877 312 3933 omniurn
325 3877 474 3933 orationum
494 3876 618 3948 suffragia
633 3877 760 3948 postulet,
775 3887 803 3933 ut
817 3887 929 3934 uenturo
940 3879 985 3933 iti·
1035 3875 1175 3944 respondit
1186 3892 1193 3928 ε
1205 3875 1256 3942 Qui
1269 3877 1456 3948 lussitaquam
1471 3883 1561 3935 erettri
1571 3920 1582 3948 ,
1594 3893 1700 3954 potens
1713 3901 1752 3941 etr
1767 3890 1826 3939 bato

195 3968 251 4022 neri
262 3966 383 4022 solamen
400 3966 624 4037 largitorpietatis
636 3966 751 4034 tribuat3
766 3977 793 4023 et
806 3968 845 4023 sie
857 3983 917 4023 curn
928 3968 983 4024 eis·
1036 3966 1150 4023 imbrem
1161 3968 1267 4024 sedare.
1283 3969 1360 4044 Tunc
1373 3987 1434 4025 mot
1444 3972 1478 4027 do
1492 3975 1597 4043 ternplo
1608 3980 1750 4048 progressi
1763 3987 1823 4043 suot,

193 4060 266 4127 dem,
281 4059 387 4115 Christo
397 4060 475 4126 duce,
490 4060 523 4115 ad
539 4059 627 4116 locunt
640 4059 685 4114 ubi
698 4061 783 4120 εεεειί
795 4060 843 4115 [ιεί
858 4060 985 4132 martyris
1035 4057 1124 4114 strltito
1138 4058 1222 4115 nubes
1235 4058 1334 4116 excisas
1348 4069 1421 4126 suut,
1436 4063 1475 4116 sol
1490 4062 1517 4117 in
1543 4064 1678 4123 claritate
1693 4069 1824 4129 redueitnr,

194 4148 293 4206 lolisni
305 4149 426 4205 membra
440 4157 532 4205 sancta
544 4149 649 4210 lucrant
661 4150 776 4220 sepulta,
787 4152 900 4218 aceedit,
912 4153 986 4223 agui·
1036 4149 1167 4205 serenitas
1179 4150 1243 4206 coeli
1259 4151 1359 4206 murrdo
1373 4152 1510 4219 redditur,
1525 4155 1563 4209 ud
1578 4171 1665 4228 opera
1681 4158 1768 4214 enitor
1779 4168 1824 4212 trs·

196 4241 230 4294 tis
243 4240 288 4308 oui
308 4253 399 4295 secoro
419 4239 557 4295 clementis
577 4240 675 4307 judicis
689 4241 826 4297 voluntate
847 4241 983 4299 adessent.
1037 4240 1120 4308 bitur,
1135 4247 1163 4295 et
1175 4241 1210 4296 td
1231 4241 1382 4313 manipulos
1405 4243 1574 4312 colligendos
1588 4262 1702 4305 ntessor
1719 4250 1824 4321 lrugilttt

194 4331 313 4400 Cumque
328 4330 360 4385 ad
375 4345 435 4385 eum
451 4331 538 4386 locunt
552 4332 744 4399 pervenissent,
754 4334 869 4401 postolat
884 4346 911 4386 ut
924 4334 985 4388 reli·
1037 4329 1174 4386 inritatur.
1191 4330 1247 4387 Nec
1259 4330 1324 4387 illud
1339 4332 1557 4402 pratereundum
1567 4336 1652 4394 estin
1665 4341 1822 4395 siruitioutst

194 4413 271 4492 tgulas
285 4423 370 4476 sancti
384 4423 509 4493 martyris
524 4423 611 4477 votiva
623 4432 712 4478 monte
734 4439 781 4480 soa
793 4425 850 4494 ipse
869 4441 987 4480 tuerere·
1039 4420 1111 4490 tutod
1125 4430 1229 4491 gestum
1250 4431 1301 4478 ost.
1319 4421 1387 4478 ilum
1401 4422 1520 4480 Nonitco
1533 4425 1664 4485 colonica
1679 4432 1766 4486 suain
1782 4431 1822 4483 bo·

196 4512 416 4567 consedemus
436 4512 553 4567 basiliere
575 4513 722 4568 beatissimi
737 4516 862 4586 trtartyris
885 4519 984 4586 petenti
1038 4527 1105 4567 nore
1117 4513 1190 4568 beati
1205 4513 1305 4568 loliani
1322 4516 1447 4585 martyris
1459 4520 1611 4574 oratorium
1627 4522 1758 4579 conderet
1768 4519 1790 4588 l,
1800 4529 1823 4576 tt

198 4600 348 4670 denegarit.
372 4600 489 4655 bioratos
510 4600 548 4655 tbi
571 4601 720 4670 paululum,
740 4612 768 4658 et
782 4620 916 4674 querens,
938 4620 989 4662 uec
1002 4603 1029 4665 tt
1042 4604 1129 4660 imber
1140 4606 1232 4674 gratis
1246 4604 1363 4663 irrueret
1393 4607 1453 4676 ipso
1466 4621 1532 4662 reru
1545 4610 1703 4668 orationem
1717 4611 1820 4669 Boniti·

196 4703 308 4761 prorsus
317 4688 465 4756 invenicus,
479 4704 634 4760 progressus
644 4693 717 4758 crin,
733 4695 835 4757 accedit
850 4694 883 4751 ad
898 4696 984 4751 ioruut
1039 4710 1098 4752 cato
1113 4705 1297 4767 otctnorante,
1312 4696 1418 4753 nimbus
1432 4696 1564 4768 impetunt
1579 4701 1720 4772 detorsit,
1736 4712 1822 4772 temp·

196 4782 241 4840 ubi
256 4780 415 4837 venerabilis
437 4791 538 4853 martyr
561 4797 576 4837 a
601 4785 829 4853 persecutoribus,
846 4789 987 4844 transactis
1041 4801 1098 4848 stas
1121 4793 1219 4864 repulit
1234 4792 1388 4860 turbinem,
1412 4791 1499 4863 pluria
1521 4793 1679 4861 abscessit,
1694 4793 1845 4855 toronis.

196 4875 249 4948 jain
264 4874 391 4945 longuriis
406 4875 581 4945 temporibus,
600 4875 749 4932 decollatus
768 4878 864 4947 luerat,
877 4889 904 4937 ct
925 4897 986 4937 cunt
1042 4892 1167 4941 sanctuni
1181 4882 1400 4954 rirumdridiont
1415 4882 1514 4940 cadens
1523 4892 1601 4956 gutta
1612 4901 1673 4942 non
1687 4886 1780 4959 tcu'mt.

197 4966 352 5037 plenissimo
364 4966 549 5022 denotiooede
560 4968 654 5023 eodetn
671 4968 729 5024 loco
743 4972 898 5037 parvissima
909 4988 988 5030 saro·
1075 4980 1124 5036 lx.
1142 4978 1263 5037 Addatur
1277 4978 1330 5034 boc
1344 4976 1372 5033 in
1386 4977 1481 5048 pagina
1493 5019 1500 5043 ,
1514 4991 1572 5048 quo
1595 4992 1694 5036 rerntn
1712 4982 1822 5037 mosot!

197 5069 268 5119 rum,
284 5057 356 5126 quod
375 5057 453 5127 vulgo
476 5059 598 5114 sabulum
622 5059 731 5128 dicitur,
752 5062 778 5118 in
799 5064 986 5120 cbrismariunt
1041 5066 1312 5136 miracola.0uadam
1325 5066 1380 5137 dis,
1392 5066 1486 5123 eodem
1496 5075 1593 5123 εεεειε
1605 5066 1823 5130 riroiuorttttl·

197 5149 267 5219 quod
280 5148 349 5204 collo
363 5164 411 5204 suo
422 5152 543 5220 gestabat
556 5153 618 5208 laeto
631 5156 720 5210 animo
734 5170 784 5225 pro
798 5159 910 5214 sacratis
927 5174 990 5214 sno-
1041 5172 1147 5229 oronte,
1162 5160 1310 5219 Arctardus
1322 5158 1442 5232 quidam,
1458 5159 1567 5217 liittrdi
1581 5161 1658 5220 lilius
1671 5163 1821 5226 adelmus

198 5242 235 5296 cti
256 5240 382 5311 martyris
406 5242 525 5314 reliquiis
545 5245 674 5302 condidit.
692 5249 813 5319 Cumque
837 5249 871 5306 dc
894 5251 988 5307 eadem
1040 5255 1208 5310 exartimttus
1217 5254 1384 5324 deportatur,
1395 5261 1425 5309 ιιι
1436 5260 1498 5308 suto
1510 5266 1624 5312 tscttttts
1634 5255 1823 5315 durabun-

200 5331 334 5402 protioeia
347 5346 467 5389 remeare
479 5337 616 5405 cupisset,
630 5346 703 5394 tatrtt
717 5341 812 5396 borum
833 5343 987 5411 multitudo,
1042 5345 1113 5401 torio
1129 5345 1200 5402 beati
1213 5343 1314 5402 iuliani
1337 5343 1464 5417 mtrtyris
1478 5344 1657 5417 depositura
1673 5346 1822 5419 parutiin

198 5421 245 5493 qui
268 5436 283 5476 ε
303 5421 424 5492 utalignis
445 5423 580 5492 spiritibus
598 5429 776 5496 rotabantur,
799 5429 858 5500 ejus
879 5433 988 5503 uestigia
1042 5436 1162 5507 Rogatur
1176 5445 1208 5493 ut
1222 5436 1300 5492 viros
1313 5435 1505 5493 reformaretur
1520 5437 1772 5497 consulumue
1790 5435 1823 5492 t’n

198 5526 259 5567 cum
270 5511 373 5582 maguis
386 5512 548 5570 clarioribus
564 5517 803 5589 prosequebantur,
817 5530 845 5574 ut
855 5528 989 5578 carrorum
1041 5528 1290 5597 reverentissimos,
1304 5529 1405 5601 pietate
1417 5528 1520 5587 toiliou
1531 5542 1637 5603 motus,
1649 5533 1773 5606 herm
1782 5531 1825 5584 ε’·

198 5616 243 5658 rur
259 5604 411 5661 scribantur
423 5611 463 5661 tot
481 5606 601 5662 nomino.
616 5606 741 5666 Pervenit
754 5616 819 5681 ergo
832 5609 904 5668 itrna
917 5613 990 5671 beati
1043 5620 1181 5693 ingerens,
1193 5620 1375 5693 aspicieustd
1387 5621 1487 5680 osclum
1504 5621 1656 5682 bominum
1670 5632 1823 5698 deprecatu·

235 5740 254 5814 ἦ
268 5731 346 5791 idest
354 5735 387 5790 ad
401 5737 556 5863 eglecopnoi
568 5740 777 5826 sirtornenteru,
791 5744 819 5802 in
833 5743 911 5819 cujus
921 5747 990 5808 dite·
1077 5753 1092 5796 Ι·
1110 5753 1211 5816 Cordet
1224 5754 1324 5817 librum
1337 5755 1373 5818 tlt
1386 5757 1481 5822 utrm.
1492 5758 1582 5818 suncti
1598 5760 1703 5821 iulitui
1715 5777 1774 5835 esp.
1787 5760 1821 5816 ll·

127 5840 132 5849 .
199 5813 255 5855 cest
271 5813 333 5861 tunc
344 5817 419 5865 etsta
438 5819 465 5864 ει
481 5809 643 5870 brivatensis
656 5812 778 5890 eoeleste·
1195 5832 1197 5839 ’
1313 5864 1316 5869 «
