3736 6248
181 377 233 434 teti
680 368 710 428 S.
730 370 894 428 buscenti
917 371 1068 428 uniscunt
1087 362 1299 426 'ithttinsxsts
1759 375 1813 430 tto

179 502 240 557 pent
258 499 284 553 ln
299 497 374 555 initio
387 497 603 571 Quadngesimae
617 501 721 558 loeutus
735 511 776 556 est
790 501 911 568 civilius,
926 500 967 555 di.
983 505 1084 563 Aesse
1102 489 1289 545 aCbrisiiauis
1313 488 1379 543 lauti
1404 488 1528 560 tuatlyris
1548 487 1684 545 basilicam
1708 491 1814 550 vittisu-

178 607 242 648 oeus
258 614 266 646 ι
284 592 417 649 liercrit's
435 610 480 652 me
499 609 560 650 eum
584 596 729 659 euntibus,
755 599 799 664 qul
830 597 856 650 iu
883 610 967 667 reguo
1018 580 1183 653 113111ι1111115
1203 582 1737 640 0511Ν11111111Μ111ῙΜΜ111Ν11111·
1756 585 1815 644 Nec

177 684 341 742 Citildebcrti
362 686 510 756 ltabeuutr,
534 688 649 743 electum
674 703 734 743 esse
757 703 862 758 regent,
886 699 967 756 utque
1017 695 1094 737 mora
1113 687 1330 752 appropinquans
1341 688 1475 740 exereitus
1495 701 1557 742 enm
1580 703 1702 747 reserare
1717 693 1812 764 tetupll

176 777 269 833 baberi
283 793 387 834 mecum
402 795 453 833 nou
469 779 602 834 modicum
614 778 752 836 solatium.
771 779 825 835 Sed
840 784 965 848 quoniam
1017 774 1108 828 saltas
1130 789 1183 829 uon
1198 775 1308 842 ualeret,
1325 777 1412 846 iguem
1434 779 1574 847 accendit;
1590 787 1813 858 consumptisque

177 871 260 924 irater
280 884 354 924 meus
368 869 584 925 Gnutcluamuus
598 886 645 926 res
664 871 823 926 itmuensum
838 872 966 926 aduersus
1017 866 1110 934 ostiis,
1131 882 1237 921 otonem
1258 869 1434 924 substantiam
1456 883 1632 945 cunctamque
1655 878 1812 948 supellecti-

176 977 220 1017 ute
242 970 336 1017 uteret
356 962 520 1032 exercitant,
546 970 652 1030 oportet
671 976 718 1016 vos
740 963 866 1018 alittteuta
886 973 966 1033 attpne
1017 955 1081 1018 lem.
1096 974 1176 1026 qttunt
1192 959 1218 1013 itt
1232 975 1265 1013 ca
1286 959 1408 1016 itti-coire
1421 974 1573 1032 potueruut,
1589 982 1649 1022 cutu
1664 969 1811 1026 sacrisuti·

176 1063 300 1110 eusiciam
321 1055 513 1125 supellectilem
538 1054 605 1111 illitu
629 1071 767 1110 murorum
791 1056 965 1117 [nutritionem
1017 1047 1134 1102 nistoriis
1156 1050 1333 1106 abstuleruni.
1363 1052 1417 1108 Sed
1442 1057 1541 1111 mulius
1569 1057 1604 1113 lbi
1620 1048 1696 1116 ⁵ilitio
1720 1062 1810 1119 divitie

175 1147 353 1224 outcludepc,
376 1160 406 1203 ut
428 1148 531 1204 scilieet
544 1148 607 1204 dum
622 1148 700 1203 uobis
713 1147 759 1202 illa
775 1149 858 1217 pietas
876 1148 965 1203 dit-lua
1016 1141 1165 1195 conterruit
1179 1138 1203 1194 i.
1220 1139 1285 1196 Natu
1300 1145 1433 1216 plerisque
1448 1140 1542 1203 manus
1556 1149 1683 1210 divinitus
1695 1156 1810 1211 ureban-

175 1252 256 1312 auget
276 1241 420 1307 solatium,
446 1255 499 1297 nou
512 1241 629 1310 pereatis
644 1240 743 1309 iuopia.
764 1240 826 1296 lico
839 1242 892 1296 iliis
906 1256 964 1297 cre·
1016 1238 1074 1298 tur,
1092 1231 1247 1289 θ111ῑῑῑθῐ11θθ
1269 1234 1368 1290 [1111111111
1384 1253 1527 1308 111ί1ι1111111,
1542 1242 1610 1297 sicut
1627 1258 1661 1300 0¹
1683 1245 1809 1305 incendio

176 1331 317 1399 dentibus,
339 1346 507 1402 quaecuuque
524 1331 624 1387 babere
637 1340 782 1400 potnerunt
803 1331 966 1389 collocantes
1015 1335 1126 1393 turgere
1138 1323 1217 1380 solet.
1240 1325 1365 1383 lintntulli
1380 1332 1481 1399 arrepti
1496 1348 1510 1386 a
1525 1333 1655 1402 demone,
1672 1352 1719 1406 per
1728 1354 1807 1394 ener-

176 1423 204 1478 itt
217 1423 284 1479 urbe
296 1421 483 1493 amputabant
495 1435 525 1478 se
538 1421 571 1476 ad
587 1421 776 1477 resistendum.
792 1421 830 1475 Eo
845 1430 965 1490 tempore
1015 1415 1085 1486 giam
1100 1418 1296 1475 debacchantes
1316 1434 1463 1494 martyrem
1477 1423 1672 1481 declamabant.
1695 1426 1806 1484 Plurimi

175 1515 393 1572 Guntcltramuus
411 1528 457 1570 res
482 1513 554 1567 misit
568 1512 672 1567 litteras
691 1511 725 1565 ad
740 1511 963 1577 Gundoualdunt,
1016 1523 1080 1564 uero
1091 1511 1188 1566 semoti
1202 1525 1217 1566 a
1229 1514 1308 1568 sociis
1324 1522 1335 1551 ²
1353 1516 1466 1585 propriis
1481 1531 1510 1571 se
1523 1516 1619 1587 jaculis
1638 1520 1805 1579 sauciabant.

174 1622 209 1664 es
223 1607 332 1661 nomine
347 1603 525 1660 brunicltildis
549 1603 647 1673 regine
660 1601 802 1672 inquibus
824 1613 882 1656 erat
899 1603 966 1657 scri-
1016 1599 1157 1671 Reliquum
1178 1617 1242 1660 rere
1256 1604 1350 1674 uulgus
1370 1605 1460 1663 inante
1478 1623 1531 1665 uon
1546 1609 1603 1665 siue
1618 1611 1710 1681 grandi
1731 1622 1806 1669 metu

175 1707 268 1771 ptum,
283 1705 313 1752 ut
335 1696 429 1752 relicto
441 1693 560 1751 exercitu
580 1701 607 1749 ιι
619 1693 647 1762 iu
661 1694 718 1750 loca
732 1707 779 1757 sna
792 1693 866 1748 abire
878 1690 963 1763 jusso,
1015 1706 1186 1761 progressum
1200 1704 1251 1750 est.
1267 1695 1336 1763 Quid
1353 1696 1447 1764 pilurai
1466 1699 1629 1756 eontuntur
1647 1701 1680 1757 ad
1699 1701 1805 1760 Gouro-

177 1792 236 1862 lpsc
256 1789 385 1855 remotior
402 1787 472 1858 apud
496 1785 718 1857 burdegalensem
741 1784 833 1839 urbem
853 1783 963 1839 btberua
1017 1798 1066 1838 uas
1078 1784 1130 1858 (sie
1147 1786 1219 1841 cuitu
1234 1786 1349 1844 diximus
1365 1804 1460 1845 nomeu
1482 1790 1565 1862 urbis)
1581 1791 1717 1864 omnisque
1741 1794 1805 1864 pha-

175 1881 329 1939 deduceret.
343 1879 491 1949 scripserat
502 1878 573 1934 enim
590 1883 647 1932 inec
656 1876 759 1942 dolose,
773 1884 803 1930 ut
816 1874 851 1931 de
860 1889 893 1930 eo
905 1873 961 1944 ple·
980 1877 1090 1948 ssltuga
1101 1879 1128 1934 in
1142 1881 1295 1937 suburbana
1307 1880 1379 1937 urbis
1389 1884 1528 1951 camttauia
1543 1894 1730 1941 castrametata
1750 1897 1801 1956 est,

175 1975 238 2032 nius
254 1973 317 2046 quid
335 1979 441 2041 ageret,
466 1978 726 2040 possctagnoscerc.
749 1966 831 2036 lgitur
846 1979 964 2022 comme
1016 1968 1105 2038 ibique
1127 1971 1246 2027 estensis
1273 1973 1394 2028 tentoriis
1418 1974 1560 2031 reddebat.
1591 1976 1751 2033 l'astaltntur
1777 1981 1802 2035 io

175 2074 252 2123 ratue
265 2081 300 2120 eo
318 2063 388 2135 apud
401 2061 495 2117 urbem
516 2060 670 2124 conuertas,
686 2059 790 2113 locutus
804 2067 845 2114 est
859 2057 964 2124 ineolis,

174 2155 267 2212 diceus
279 2168 287 2208 τ
301 2153 371 2209 Ecce
392 2151 447 2220 jam
473 2148 608 2205 exercitus
622 2147 834 2218 appropinquat,
859 2145 964 2217 egredi-

175 2245 241 2302 mini
264 2244 297 2300 ad
312 2242 503 2300 resistendum.
518 2240 620 2306 Quibus
642 2238 857 2310 egredientibus.
878 2241 904 2294 lti
919 2254 965 2295 oc-

175 2347 304 2409 cupantes
322 2345 411 2405 portas
426 2344 505 2404 atque
524 2332 693 2399 claudentes,
709 2332 818 2388 excluso
830 2328 896 2388 luris
914 2345 964 2401 po-

176 2430 254 2502 puto,
277 2442 339 2505 cunt
363 2428 489 2495 episcopo
517 2427 567 2479 loci
586 2435 617 2490 1,
642 2435 736 2479 ιιιιιιι
765 2439 825 2492 que
848 2424 874 2477 iu
899 2423 965 2478 urbe

174 2520 295 2578 itu-ettire
323 2527 483 2590 potuerant,
512 2516 568 2570 suis
598 2514 746 2569 ditionibus
778 2513 962 2569 subdiderunt.

173 2614 311 2683 Tantaque
330 2610 366 2666 ibi
391 2609 532 2666 mu'titudo
548 2622 664 2663 auuouae
685 2616 765 2676 atque
785 2605 838 2660 rini
857 2616 963 2674 reperta

174 2715 226 2773 est,
241 2716 270 2761 ut
280 2704 304 2761 si
318 2702 433 2759 viriliter
445 2701 597 2766 stetissent,
614 2698 818 2768 permultorum
833 2711 961 2752 attuoruut

174 2800 260 2871 spatia
279 2798 367 2855 rictus
380 2794 512 2851 alimentis
532 2808 584 2849 uon
599 2802 720 2862 egerent.

210 2889 317 2949 xlxi.
337 2891 482 2948 audierant
495 2887 566 2947 euim
587 2901 621 2942 ιο
633 2893 754 2954 tempore
776 2883 858 2939 duces
880 2883 962 2939 Gunt-

173 2985 293 3042 cltramn.
309 2980 391 3053 regit,
412 2977 615 3034 Guudoualdnm
631 2976 699 3032 ultra
714 2973 866 3030 Garunnam
881 2973 964 3053 inlit-

142 3084 147 3090 '
173 3086 233 3132 tore
246 3072 364 3130 residere
377 3087 438 3127 cunt
461 3070 562 3139 ingenti
583 3067 702 3122 ltostinm
717 3064 901 3131 tuultitudioe;
922 3063 963 3132 ip-

1015 2060 1127 2116 circuitu
1153 2069 1206 2117 tota
1225 2063 1323 2132 regio:
1344 2064 1464 2119 nonnulli
1488 2079 1577 2121 sutem
1601 2064 1636 2121 ab
1659 2070 1800 2136 exercitu,

1015 2168 1082 2222 quus
1103 2152 1198 2208 sortior
1211 2156 1330 2210 auaritiae
1344 2158 1453 2212 aculeus
1477 2158 1647 2226 terebrabat,
1671 2160 1799 2233 lougiust

1014 2244 1070 2298 suis
1089 2253 1245 2313 evagantes,
1262 2246 1458 2315 perimebantur
1471 2249 1504 2303 alt
1517 2247 1622 2304 incolis.
1683 2249 1686 2252 ⁴

1050 2336 1131 2408 362
1146 2335 1265 2393 xxxii.
1283 2340 1468 2396 ascendebant
1481 2338 1578 2396 enitnd
1595 2342 1673 2398 multi
1688 2359 1735 2414 per
1746 2344 1798 2398 cnl-

1017 2425 1086 2491 lem,
1106 2436 1135 2483 et
1155 2443 1215 2483 euru
1232 2427 1407 2487 Gundotaido
1418 2433 1516 2501 sapius
1528 2433 1718 2503 loquebantur,
1734 2436 1798 2491 iule-

1015 2528 1108 2573 reutes
1122 2518 1149 2574 ei
1163 2521 1302 2587 cortrieia,
1317 2536 1348 2576 ae
1363 2522 1500 2579 diceutes:
1515 2522 1590 2579 Tune
1603 2540 1633 2578 es
1649 2527 1734 2595 pictor
1748 2527 1797 2591 ille,

1014 2610 1059 2679 qui
1075 2621 1196 2677 ternpore
1213 2610 1414 2668 ettotam-itant
1431 2604 1501 2684 regis
1516 2630 1564 2686 per
1578 2621 1697 2670 oraturia
1714 2621 1797 2686 pariu-

1015 2714 1057 2757 tes
1071 2712 1152 2774 atque
1163 2719 1284 2761 cameras
1297 2705 1462 2760 charaxabas
1475 2707 1505 2759 ιι
1520 2707 1596 2762 'lune
1607 2723 1635 2761 cs
1650 2708 1707 2774 ille,
1722 2724 1798 2778 qut-tu

1016 2795 1194 2852 ballomerem
1210 2798 1319 2853 nornine
1332 2799 1430 2868 sepius
1448 2798 1594 2854 Galliarum
1615 2799 1711 2854 iucolae
1729 2800 1797 2853 roci-

1015 2888 1122 2941 tabautl
1133 2887 1207 2943 Tune
1221 2904 1250 2944 es
1264 2888 1323 2954 ille,
1336 2889 1380 2957 qui
1396 2889 1551 2960 plerumque
1564 2904 1581 2944 a
1595 2891 1704 2961 regibus
1717 2889 1798 2944 Frau-

1013 2990 1106 3033 corum
1118 2987 1228 3047 propter
1239 2977 1287 3033 itas
1301 2979 1521 3049 praesumptiones
1534 2994 1599 3050 quas
1613 2981 1729 3049 prolers,
1743 2992 1798 3037 ton·

1014 3080 1120 3127 aeratus
1138 3082 1167 3126 et
1189 3069 1283 3127 exsilio
1308 3072 1384 3126 datus
1406 3071 1655 3142 miletensis,
1675 3072 1797 3129 infelicis

172 3183 271 3241 sosque
293 3166 455 3231 thesauros,
479 3175 546 3232 qnos
565 3159 707 3230 iliguntltis
731 3157 845 3219 tulerat,
869 3169 961 3211 secuto
1014 3160 1082 3218 sinte
1097 3161 1250 3231 bominum,
1267 3163 1293 3243 iu
1313 3163 1370 3218 bae
1390 3165 1448 3218 loca
1468 3163 1594 3233 adduxit,
1612 3164 1724 3221 edicito.
1738 3167 1797 3235 Quis

172 3258 379 3320 mutuarentur
394 3256 495 3325 impetu
504 3251 575 3308 lacto
584 3267 644 3306 curu
661 3245 865 3320 equitibusidd·
877 3241 962 3316 equis]
977 3222 999 3285 C
1016 3251 1064 3307 tibi
1078 3259 1178 3308 tautam
1194 3251 1332 3308 audaciam
1347 3255 1484 3322 praestitit,
1495 3262 1524 3309 ul
1536 3254 1704 3311 dominorum
1718 3271 1751 3312 ac
1763 3273 1796 3311 re

172 3354 324 3411 Garoomm
349 3349 428 3421 301
443 3344 570 3421 ,natendo
593 3341 743 3406 transiere,
771 3339 905 3395 ttououllis
928 3338 962 3392 de
1011 3357 1074 3413 gunt
1096 3352 1250 3398 nostrorum
1272 3344 1337 3400 lines
1356 3344 1470 3401 auderes
1489 3344 1641 3415 attingeret
1658 3346 1737 3402 Certe
1750 3350 1795 3402 sia

171 3444 291 3501 exercitu
305 3440 332 3498 io
347 3452 427 3494 amne
441 3436 581 3492 demersis.
598 3433 703 3503 Reliqui
717 3432 745 3486 in
760 3431 834 3486 littus
848 3429 960 3500 egressi,
1012 3445 1146 3502 quoquam
1165 3447 1195 3487 es
1214 3441 1362 3502 euocatus,
1382 3434 1456 3488 clara
1476 3450 1542 3491 rece
1561 3444 1673 3491 testare.
1695 3437 1735 3491 Eu
1755 3440 1795 3492 tilti

173 3535 339 3602 teqn⁷reutes
351 3527 570 3593 Gundousldum,
592 3526 750 3579 invenerunt
769 3522 888 3578 cautelas
900 3536 960 3577 curu
1012 3533 1076 3579 atne
1090 3525 1185 3580 oculos
1199 3535 1313 3581 mortem
1327 3527 1495 3596 expositam
1510 3543 1543 3583 eu
1559 3529 1643 3598 ipsam
1657 3545 1736 3599 quatu
1756 3532 1796 3587 din

171 3623 271 3694 iugcttti
285 3620 403 3692 pondere
416 3618 473 3672 auri
488 3627 567 3685 atque
577 3615 694 3686 argenti,
710 3615 767 3692 sire
781 3615 884 3683 equites
897 3611 961 3684 lPro
1011 3616 1130 3684 qutcsisti
1143 3615 1216 3673 esitii
1231 3616 1353 3685 lorcam,
1371 3619 1398 3673 ia
1418 3634 1497 3690 quatu
1513 3635 1635 3690 praeceps
1651 3622 1793 3692 dejiciaris.

170 3712 273 3786 equus]
286 3725 354 3782 quos
381 3709 467 3764 lessos
489 3721 536 3777 per
557 3707 614 3760 rias
640 3704 794 3774 reliquerat.
813 3703 960 3759 audientes
1011 3704 1060 3760 liic
1072 3706 1205 3763 satellites
1217 3707 1316 3763 uiritim
1328 3749 1336 3776 ,
1348 3709 1391 3765 rel
1405 3725 1420 3763 a
1433 3711 1530 3780 quibus
1544 3710 1665 3766 inviteris
1678 3696 1794 3768 enuntia.

170 3804 298 3874 deinceps
317 3815 365 3857 eos
385 3797 456 3856 iufra
469 3812 560 3854 muros
580 3797 653 3853 urbis
667 3796 828 3853 Cooretticae
840 3809 961 3852 commo·
1011 3798 1046 3852 At
1058 3796 1104 3853 ille
1117 3812 1177 3853 oum
1192 3799 1250 3855 bae
1264 3801 1386 3868 audiret,
1401 3801 1511 3872 propius
1523 3816 1602 3872 super
1624 3814 1729 3873 portatu
1751 3819 1794 3860 as·

56 3967 58 3971 .
170 3896 236 3964 reri,
259 3894 359 3952 relictis
373 3892 501 3964 plaustris
514 3905 546 3945 ae
559 3890 675 3945 dirersis
689 3889 884 3959 impedimentis
898 3904 960 3945 cutn
1012 3897 1072 3944 taus
1085 3889 1191 3944 dicebat
1206 3908 1212 3943 :
1228 3891 1305 3957 Quod
1322 3907 1366 3947 nte
1384 3892 1608 3948 Cbiotbacltarins
1628 3904 1705 3965 pater
1726 3910 1794 3949 mens

170 3990 269 4063 popolo
282 3989 413 4054 minore,
430 3985 596 4042 robustiores
610 3983 658 4039 riri
683 3985 788 4053 ipsum,
807 3984 876 4040 sicut
903 3985 959 4055 jam
1010 3993 1122 4036 exosum
1138 3981 1281 4050 babuerit,
1301 3982 1416 4041 ltaltetur
1435 3985 1601 4057 incognitum
1621 3987 1709 4055 uulli;
1726 3990 1791 4058 quod

170 4080 323 4139 Garunnam
348 4078 528 4145 transierant,
554 4076 657 4145 insequi
689 4075 834 4131 destinant.
858 4074 959 4142 Quibus
1014 4081 1103 4128 auum
1126 4074 1161 4130 ab
1179 4088 1229 4140 eo,
1246 4078 1288 4132 rel
1306 4077 1459 4148 deincepsa
1474 4078 1597 4132 iratribus
1612 4079 1662 4133 situ
1678 4088 1795 4136 tonsora-

170 4172 384 4267 ptoperautibus,
399 4178 531 4226 venerunt
545 4167 578 4222 ιι
595 4166 731 4223 basilicam
742 4165 827 4222 sanmi
844 4165 960 4221 Vincen-
1010 4174 1070 4228 tus,
1091 4166 1263 4222 tuaniiestum
1286 4176 1329 4223 est
1351 4168 1485 4225 omnibus.
1511 4169 1543 4223 Et
1566 4169 1625 4226 brec
1649 4186 1693 4225 tue
1717 4185 1792 4225 canusa

170 4265 211 4333 tit,
224 4279 284 4336 quse
297 4275 339 4319 est
352 4263 427 4335 juxta
453 4261 597 4316 terminum
613 4259 782 4329 bgeottensis
803 4256 893 4323 urbis,
913 4257 958 4313 ubi
1010 4254 1116 4309 Nurseti
1133 4254 1261 4323 praelecto
1275 4256 1355 4313 ltalia
1369 4257 1476 4326 inusit,
1494 4257 1583 4329 ibique
1598 4275 1712 4316 usoretu
1727 4261 1794 4314 acci·

170 4357 227 4426 ipse
238 4364 340 4425 martyr
363 4370 411 4424 pro
424 4353 522 4409 citt-isti
536 4352 644 4408 tremine
656 4365 768 4421 agonem
780 4351 879 4406 dicitur
890 4365 958 4406 eou-
1011 4345 1108 4416 plens,
1121 4347 1187 4401 duos
1202 4346 1271 4401 itlius
1283 4350 1418 4417 generari.
1431 4349 1489 4418 Qua
1504 4360 1627 4418 tuortua,
1647 4352 1790 4420 assumptis
1818 4408 1822 4417 ,

169 4460 335 4512 summasse;
366 4447 577 4513 inveneruntque
602 4457 662 4500 eam
694 4440 819 4499 relertam
843 4442 958 4499 dirersis
1010 4455 1116 4496 tuscum
1131 4440 1235 4509 litteris,
1249 4440 1506 4513 coustamittopolim
1520 4441 1585 4499 abii.
1597 4441 1639 4497 Ab
1650 4441 1794 4513 imperato·

169 4537 302 4595 thesauris
329 4536 487 4593 incolarum.
516 4534 581 4590 Erat
603 4535 675 4592 euim
699 4547 761 4605 spes
782 4532 876 4589 ineolis
903 4545 957 4588 ttott
1010 4533 1159 4590 ribusuero
1170 4542 1308 4604 susceptus
1319 4534 1519 4605 benignissime,
1531 4533 1658 4604 usquead
1667 4534 1722 4590 boc
1731 4544 1794 4590 ιιιι·

207 4720 220 4750 ¹
241 4710 264 4765 ls
277 4722 332 4767 erat
349 4709 470 4775 ilttltnus,
492 4711 537 4780 qni
552 4709 602 4764 ltoe
613 4711 670 4780 ipse
683 4725 754 4764 struo
768 4709 888 4764 Citarilio
904 4710 956 4762 ila·
972 4717 995 4776 ι)
1011 4709 1128 4767 transiit,
1142 4708 1220 4772 idque
1234 4709 1337 4764 itineris
1350 4709 1416 4765 ratio
1431 4718 1596 4778 postutanat,
1610 4719 1693 4778 atque
1705 4727 1735 4766 ea
1751 4728 1792 4767 ne·

168 4786 264 4840 tiseon.
279 4798 298 4837 tt
316 4782 482 4852 subscripsit.
1007 4781 1117 4834 sasione
1130 4781 1228 4832 milites
1248 4779 1389 4834 eeclesiam
1409 4781 1439 4834 S.
1464 4779 1595 4834 vincentii
1615 4780 1791 4849 diripuerunt.

203 4851 307 4909 i’iletre
318 4851 455 4908 basilicam
472 4851 498 4906 in
513 4850 585 4905 valle
598 4849 724 4920 Capraria
747 4863 831 4920 pmpe
850 4847 888 4902 Lu
907 4848 955 4904 du·
1008 4848 1076 4904 Tum
1093 4860 1288 4919 prosequentes
1302 4857 1419 4918 coeptutn
1433 4850 1485 4904 iter
1496 4849 1530 4904 ad
1545 4849 1663 4915 montis,
1683 4853 1726 4904 cui
1746 4853 1794 4905 itu-

168 4939 232 4979 unnt
244 4923 430 4979 murenarum
444 4922 522 4978 sitam
536 4919 619 4976 luisse
631 4919 769 4976 contendit
780 4917 879 4985 loseph
890 4863 957 4974 bea·
1007 4919 1124 4987 positum
1139 4929 1198 4974 erat
1212 4919 1368 4989 Lugdunum
1388 4920 1592 5000 Cottrenaruot,
1607 4918 1716 4976 radices
1730 4936 1794 4988 per.

170 4994 237 5076 liger
248 4993 294 5050 lib.
309 5009 333 5048 u
344 4993 383 5048 de
393 4992 587 5048 Emendatioue
599 5000 680 5059 temp.
695 4988 770 5065 Unde
783 4988 956 5045 allucinatum
1007 5003 1122 5056 seuere,
1144 4999 1173 5044 ut
1197 4998 1288 5044 ttarrat
1311 4989 1465 5058 Gregorius.
1484 4988 1550 5045 vide
1573 4988 1619 5045 tiit.
1643 4987 1681 5044 de
1706 4989 1794 5046 Gloria

168 5061 251 5118 inste
271 5071 347 5132 putat
365 5061 534 5132 Gregorium,
547 5061 591 5131 qui
610 5056 697 5129 ipsam
720 5075 800 5129 prope
821 5057 954 5128 ttgiuuttnt
1008 5058 1085 5112 biart.
1109 5073 1168 5127 cap.
1194 5058 1255 5114 lui.
1282 5060 1319 5113 lle
1340 5059 1535 5127 ltacbasilica,
1555 5059 1687 5114 etaltera
1709 5061 1794 5117 eidem

169 5130 277 5188 stetisse
290 5132 441 5200 scripserit,
455 5131 622 5187 contundens
637 5131 739 5196 locunt,
756 5130 781 5185 iu
796 5143 849 5199 qno
864 5130 956 5185 beatus
1008 5139 1100 5182 saneto
1116 5127 1288 5199 dicatu,quas
1303 5139 1474 5183 exstruxerat
1486 5138 1532 5184 aut
1545 5127 1692 5183 adornaret
1708 5131 1793 5185 Leon·

167 5209 372 5271 manupae-n·-
382 5212 434 5264 est,
447 5216 508 5256 curn
522 5201 631 5257 basilica
648 5201 732 5268 ipsius
746 5198 882 5255 metuerim
892 5213 957 5254 eou-
1008 5197 1059 5252 tius
1073 5199 1157 5264 episc.
1174 5199 1339 5270 burdigalae,
1356 5198 1516 5253 Fortunatus
1528 5197 1576 5253 lib.
1592 5213 1619 5263 ι,
1636 5213 1723 5254 cartu.
1740 5202 1795 5257 bct

168 5279 284 5329 serrata.
305 5271 340 5326 bt
358 5269 458 5324 lallitur
476 5271 590 5340 ipsemet
610 5271 739 5340 Scaliger.
762 5270 835 5324 lianc
856 5269 956 5337 quippe
1007 5267 1035 5321 9.
1049 5266 1156 5323 Festum
1173 5269 1250 5339 ltujm
1266 5270 1349 5323 sancti
1364 5270 1459 5324 colitur
1470 5270 1514 5323 die
1526 5269 1543 5322 9
1557 5265 1641 5324 inuii.

167 5341 320 5408 basilicam,
335 5355 414 5409 quant
429 5340 586 5397 Gutttrantui
601 5340 699 5394 milites
711 5340 855 5404 uiolarunt,
873 5352 956 5406 prope
1045 5347 1056 5375 ι
1075 5336 1120 5393 Sic
1130 5338 1206 5396 coto.
1218 5356 1243 5394 a.
1254 5340 1300 5393 alt.
1311 5338 1620 5407 mann.Cseteri,setttoti
1631 5341 1794 5396 auditione.

106 5410 123 5441 ⁵
166 5412 301 5498 Aginnum
315 5419 382 5476 erat,
398 5419 426 5465 et
440 5408 547 5479 quidetu
560 5412 586 5464 ltt
604 5410 662 5465 loco
677 5409 846 5477 Potttpeiace,
863 5406 906 5462 ubi
922 5407 952 5465 S.
1042 5403 1056 5444 ¹
1075 5406 1120 5464 Sic
1134 5408 1208 5463 colb.
1233 5423 1259 5463 a.
1276 5411 1388 5477 Regno,
1406 5408 1496 5463 Sedet
1511 5408 1798 5480 pinuuieornntnpt·

168 5479 323 5539 Vtaeeutius
335 5494 428 5549 passus
440 5488 491 5535 eet.
505 5477 560 5535 Nec
569 5489 698 5548 repugnat
709 5480 747 5532 rei
758 5485 842 5547 geste
856 5478 950 5534 series.
1006 5478 1067 5531 bour
1081 5478 1194 5544 occulte,
1207 5487 1231 5533 et
1245 5479 1413 5549 loquebantur
1426 5495 1482 5532 eunt
1495 5476 1684 5534 Gundobulde.
1698 5482 1797 5537 Ceteri

166 5551 345 5610 Gundebaldo
355 5551 454 5620 quippe
467 5548 616 5617 Burdigalae
630 5549 777 5615 existente,
793 5547 955 5617 Guutratuui
1006 5563 1067 5602 eum
1084 5549 1353 5612 llee.,tlltscoudeinut
1367 5550 1434 5603 urim
1448 5565 1474 5602 re
1488 5549 1580 5613 otalii,
1595 5556 1652 5604 ete.

166 5621 302 5678 exereitus
318 5636 351 5677 es
367 5621 474 5675 niente
489 5617 523 5673 ad
538 5619 699 5674 bordooiatn
714 5619 812 5674 llnnteu
826 5620 949 5674 accessit.
1042 5627 1054 5656 ⁰
1074 5619 1140 5672 ltine
1151 5621 1333 5674 citarattatnra
1344 5619 1422 5673 dictae
1435 5628 1497 5673 suut
1508 5619 1659 5676 deletioues
1671 5636 1719 5676 seu
1733 5636 1798 5676 catt-

167 5686 225 5756 Qnu
238 5692 330 5746 uumio
345 5689 451 5745 territus
464 5689 671 5756 Guudobaldus,
686 5689 754 5759 apud
768 5688 908 5744 Cottteuas
921 5705 952 5747 se
1004 5687 1162 5742 cellationes
1176 5691 1331 5756 scriptura,
1342 5700 1370 5743 et
1380 5690 1490 5743 maculae
1504 5690 1537 5743 ab
1551 5696 1719 5747 atramento.
1732 5692 1794 5749 titis

167 5765 286 5828 recepit,
301 5777 355 5829 quo
369 5776 429 5813 cunt
444 5769 581 5831 pergeret,
598 5760 756 5815 Gtrnttanuti
774 5759 907 5814 exercitus
922 5769 951 5814 ut
1005 5766 1191 5813 testamcutum
1213 5758 1243 5815 S.
1267 5759 1398 5828 turnicii,
1421 5767 1448 5815 et
1467 5758 1589 5817 liarculi.
1613 5759 1664 5817 ιιι.
1689 5754 1728 5829 it,
1745 5761 1791 5818 iu·

168 5829 270 5886 ltostettt
296 5831 498 5898 insequeretur,
526 5847 572 5901 per
603 5832 778 5901 lginttcnctn
806 5828 948 5883 tertuinutu
1004 5827 1074 5882 tuuin
1092 5826 1134 5881 li.
1518 5818 1536 5849 ⁸
